@article{Rosenbaum2018,
    title = {{5 biggest risks of sharing your DNA with consumer genetic-testing companies}},
    year = {2018},
    journal = {CNBC},
    author = {Rosenbaum, Eric}
}

@article{Dingsoyr2012,
    title = {{A decade of agile methodologies: Towards explaining agile software development}},
    year = {2012},
    journal = {Journal of Systems and Software},
    author = {Dings{\o}yr, Torgeir and Nerur, Sridhar and Balijepally, Venugopal and Moe, Nils Brede},
    number = {6},
    pages = {1213--1221},
    volume = {85},
    doi = {10.1016/j.jss.2012.02.033},
    issn = {01641212},
    keywords = {Agile software development, Crystal method, Feature-driven development, Information systems, Lean software development, Scrum, Software engineering, Theory, XP, eXtreme programming, XP}
}

@article{Almarabeh2010,
    title = {{A general framework for E-government: Definition maturity challenges, opportunities, and success}},
    year = {2010},
    journal = {European Journal of Scientific Research},
    author = {Almarabeh, Tamara and AbuAli, Amer},
    issn = {1450202X},
    keywords = {Assessment, Citizen, ICT, Maturity, Readiness}
}

@article{Sarantis2011,
    title = {{A goal-driven management framework for electronic government transformation projects implementation}},
    year = {2011},
    journal = {Government Information Quarterly},
    author = {Sarantis, Demetrios and Charalabidis, Yannis and Askounis, Dimitris},
    doi = {10.1016/j.giq.2009.10.006},
    issn = {0740624X},
    keywords = {E-Government, E-Government Policy, Information Systems, Management, Public Administration, Transformation}
}

@article{Rose2013,
    title = {{A Guide to the Project Management Body of Knowledge (PMBOK{\textregistered} Guide)-Fifth Edition}},
    year = {2013},
    journal = {Project Management Journal},
    author = {Rose, Kenneth H.},
    doi = {10.1002/pmj.21345},
    issn = {8756-9728}
}

@inproceedings{Sun2007,
    title = {{A large-scale study of robots.txt}},
    year = {2007},
    booktitle = {16th International World Wide Web Conference, WWW2007},
    author = {Sun, Yang and Zhuang, Ziming and Giles, C. Lee},
    isbn = {1595936548},
    doi = {10.1145/1242572.1242726},
    keywords = {Crawler, Robots exclusion protocol, Robots.txt, Search engine}
}

@article{Aghion1992,
    title = {{A Model of Growth Through Creative Destruction}},
    year = {1992},
    journal = {Econometrica},
    author = {Aghion, Philippe and Howitt, Peter},
    isbn = {00129682},
    doi = {10.2307/2951599},
    issn = {00129682},
    pmid = {15108313},
    arxivId = {arXiv:1011.1669v3}
}

@article{Lejeune2018,
    title = {{A new proposal for evaluating web page cleaning tools}},
    year = {2018},
    journal = {Computacion y Sistemas},
    author = {Lejeune, Gaël and Zhu, Lichao},
    number = {4},
    pages = {1249--1258},
    volume = {22},
    doi = {10.13053/CyS-22-4-3062},
    issn = {20079737},
    keywords = {Classification, Corpus, Evaluation, Multilingual corpora, Web content extraction, Web page cleaning}
}

@misc{Eichhorst2015,
    title = {{A road map to vocational education and training in industrialized countries}},
    year = {2015},
    booktitle = {Industrial and Labor Relations Review},
    author = {Eichhorst, Werner and Rodr{\'{i}}guez-Planas, Núria and Schmidl, Ricarda and Zimermann, Klaus F.},
    doi = {10.1177/0019793914564963},
    issn = {00197939},
    keywords = {Apprenticeships, Developed countries, Dual vet, Vocational education and training, Vocational schooling}
}

@book{Kerzner2017,
    title = {{A systems approach to planning scheduling and controlling}},
    year = {2017},
    booktitle = {New York},
    author = {Kerzner, Harold},
    isbn = {978-1-119-16535-4},
    doi = {10.1016/j.drudis.2010.11.015},
    issn = {1878-5832},
    pmid = {21134487},
    arxivId = {arXiv:1011.1669v3}
}

@incollection{Mahoney2009,
    title = {{A theory of gradual institutional change}},
    year = {2009},
    booktitle = {Explaining Institutional Change: Ambiguity, Agency, and Power},
    author = {Mahoney, James and Thelen, Kathleen},
    isbn = {9780511806414},
    doi = {10.1017/CBO9780511806414.003},
    issn = {1098-6596},
    pmid = {25246403},
    arxivId = {arXiv:1011.1669v3}
}

@misc{GenomeInstituteofSingapore2019a,
    title = {{A* Genome Institut of Singapore Webpage}},
    year = {2019},
    author = {{Genome Institute of Singapore}},
    url = {https://www.a-star.edu.sg/gis}
}

@misc{GovernmentDigitalService2020,
    title = {{About the Government Digital Service}},
    year = {2020},
    author = {{Government Digital Service}},
    url = {https://gds.blog.gov.uk/about/}
}

@article{Busemeyer2017,
    title = {{Academic, vocational or general? An analysis of public opinion towards education policies with evidence from a new comparative survey}},
    year = {2017},
    journal = {Journal of European Social Policy},
    author = {Busemeyer, Marius R. and Garritzmann, Julian L.},
    number = {4},
    pages = {373--386},
    volume = {27},
    doi = {10.1177/0958928717728713},
    issn = {14617269},
    keywords = {Education policy, INVEDUC survey, policy preferences, public opinion, welfare state research}
}

@article{Busemeyer2017c,
    title = {{Academic, vocational or general? An analysis of public opinion towards education policies with evidence from a new comparative survey}},
    year = {2017},
    journal = {Journal of European Social Policy},
    author = {Busemeyer, Marius R. and Garritzmann, Julian L.},
    number = {4},
    pages = {373--386},
    volume = {27},
    doi = {10.1177/0958928717728713},
    issn = {14617269},
    keywords = {Education policy, INVEDUC survey, policy preferences, public opinion, welfare state research}
}

@phdthesis{Barbaresi2015,
    title = {{Ad hoc and general-purpose corpus construction from web sources}},
    year = {2015},
    author = {Barbaresi, Adrien},
    school = {ENS Lyon},
    doi = {HAL Id: tel-01167309}
}

@article{Janssen2016,
    title = {{Adaptive governance: Towards a stable, accountable and responsive government}},
    year = {2016},
    journal = {Government Information Quarterly},
    author = {Janssen, Marijn and van der Voort, Haiko},
    number = {1},
    pages = {1--5},
    volume = {33},
    doi = {10.1016/j.giq.2016.02.003},
    issn = {0740624X},
    keywords = {Adaptability, Adaptive governance, Agile development, Agility, Ambidexterity, E-Government, Governance, Innovation, Institutions, Speed}
}

@misc{Barbaresi2020,
    title = {{Adbar/htmldate: Find original and updated publication dates of web pages using common patterns, heuristics and robust extraction}},
    year = {2020},
    author = {Barbaresi, Adrien},
    url = {https://zenodo.org/record/3611241#.XlgETRP0mhc}
}

@article{Vacari2015,
    title = {{Adopting agile methods in the public sector: A systematic literature review}},
    year = {2015},
    journal = {Proceedings of the International Conference on Software Engineering and Knowledge Engineering, SEKE},
    author = {Vacari, Isaque and Prikladnicki, Rafæl},
    pages = {709--714},
    volume = {2015-Janua},
    isbn = {1891706373},
    issn = {23259086},
    keywords = {Agile Methodologies, Government, Public Organizations, Software Development, Software Engineering}
}

@misc{PersonalDataProtectionCommission2019,
    title = {{Advisory Guidelines on Key Concepts in the Personal Data Protection Act}},
    year = {2019},
    author = {{Personal Data Protection Commission}},
    url = {https://www.pdpc.gov.sg/-/media/Files/PDPC/PDF-Files/Advisory-Guidelines/AG-on-Key-Concepts/Advisory-Guidelines-on-Key-Concepts-in-the-PDPA-9-Oct-2019.pdf}
}

@misc{Commission2018,
    title = {{Advisory Guidelines on the Personal Data Protection Act}},
    year = {2018},
    author = {{Personal Data Protection Commission}},
    url = {https://www.pdpc.gov.sg/-/media/Files/PDPC/PDF-Files/Legislation-and-Guidelines/FINAL-Advisory-Guidelines-on-PDPA-for-Selected-Topics-31-August-2018.pdf}
}

@misc{AustralianDigitalTransformationAgency2019,
    title = {{Agile and User-Centred Processe}},
    year = {2019},
    author = {{Australian Digital Transformation Agency}},
    url = {https://www.dta.gov.au/help-and-advice/digital-service-standard/digital-service-standard-criteria/3-agile-and-user-centred-process}
}

@article{Rigby2018,
    title = {{Agile At Scale}},
    year = {2018},
    journal = {Harvard Business Review},
    author = {Rigby, Darrell K and Sutherland, Jeff and Noble, Andy},
    issn = {00178012}
}

@book{Goldman1994,
    title = {{Agile Competitors and Virtual Organizations: Strategies for Enriching the Customer}},
    year = {1994},
    author = {Goldman, Steven L. and Nagel, Roger N. and Preiss, Kenneth},
    publisher = {Wiley},
    address = {San Francisco, CA},
    isbn = {0442019033},
    issn = {00246301}
}

@article{Programming2016,
    title = {{Agile Government Handbook}},
    year = {2016},
    author = {Programming, Extreme and Development, Software and Programming, Pragmatic},
    pages = {1--11},
    url = {http://handbook.agilegovleaders.org/}
}

@article{Mergel2018,
    title = {{Agile government: Systematic literature review and future research}},
    year = {2018},
    journal = {Government Information Quarterly},
    author = {Mergel, Ines and Gong, Yiwei and Bertot, John},
    number = {2},
    pages = {291--298},
    volume = {35},
    isbn = {9783845290522},
    doi = {10.1016/j.giq.2018.04.003},
    issn = {0740624X},
    keywords = {Agile government, Agile software development, Agility, Systematic literature review}
}

@article{Deloitte2017,
    title = {{Agile in Government A playbook from the Deloitte Center for Government Insights}},
    year = {2017},
    author = {{Deloitte}},
    url = {http://delivery.acm.org/10.1145/980000/971573/opinion.pdf?ip=82.41.10.176&id=971573&acc=OPEN&key=4D4702B0C3E38B35.4D4702B0C3E38B35.4D4702B0C3E38B35.6D218144511F3437&CFID=942633153&CFTOKEN=82215153&__acm__=1496173026_9387e8de2062e3d19b8ba5ccf5cd6a05}
}

@article{Torrecilla-Salinas2013,
    title = {{Agile in Public Administration: Oxymoron or reality? An experience report}},
    year = {2013},
    journal = {CEUR Workshop Proceedings},
    author = {Torrecilla-Salinas, C. J. and Sede{\~{n}}o, J. and Escalona, M. J. and Mej{\'{i}}as, M.},
    pages = {1--8},
    volume = {1017},
    issn = {16130073},
    keywords = {Agile methodologies, E-government, Public Administration, Scrum}
}

@article{Mergel2016,
    title = {{Agile innovation management in government: A research agenda}},
    year = {2016},
    journal = {Government Information Quarterly},
    author = {Mergel, Ines},
    number = {3},
    pages = {516--523},
    volume = {33},
    doi = {10.1016/j.giq.2016.07.004},
    issn = {0740624X},
    keywords = {Agile development, Agile government, Agility, Digital service delivery, Innovation}
}

@article{Soe2018,
    title = {{Agile local governments: Experimentation before implementation}},
    year = {2018},
    journal = {Government Information Quarterly},
    author = {Soe, Ralf Martin and Drechsler, Wolfgang},
    doi = {10.1016/j.giq.2017.11.010},
    issn = {0740624X}
}

@article{Parcell2013,
    title = {{Agile policy development for digital government: An exploratory case study}},
    year = {2013},
    journal = {ACM International Conference Proceeding Series},
    author = {Parcell, Jacob and Holden, Stephen H.},
    number = {April},
    pages = {11--17},
    isbn = {9781450320573},
    doi = {10.1145/2479724.2479731},
    keywords = {Agile, Digital government, Group work, Teams}
}

@article{Kannan2014,
    title = {{Agile vs waterfall: A Comparative Analysis}},
    year = {2014},
    journal = {International Journal of Science, Engineering and Technology Research (IJSETR)},
    author = {Kannan, Vaishnavi and Smita, Jhajharia and Verma, Seema},
    number = {10},
    pages = {2680 – 2686},
    volume = {3}
}

@article{Looks2019,
    title = {{Agilit{\"{a}}t und Nutzerzentrierung in der {\"{o}}ffentlichen Verwaltung}},
    year = {2019},
    journal = {Mensch und Computer 2019 - Usability Professionals},
    author = {Looks, Hanna and Fangmann, Jannik and Thomaschewski, Jörg and Sch{\"{o}}n, Eva-Maria},
    doi = {https://doi.org/10.18420/muc2019-up-0301},
    keywords = {Akzeptanz, Augmented Reality, Conversational UI, Design Sprint, Design Thinking, Digital Design, Human-Centered Design, Interaktion, Interface Design, Reifegrad, Roboter, Service Design, Usability, User Experience, Virtual Reality, Voice}
}

@article{Moore2006,
    title = {{An Examination of Proxy Measures of Workplace Spirituality: A Profile Model of Multidimensional Constructs}},
    year = {2006},
    journal = {Journal of Leadership {\&} Organizational Studies},
    author = {Moore, Tom W. and Casper, Wendy J.},
    doi = {10.1177/107179190601200407},
    issn = {1548-0518}
}

@incollection{Hall2001,
    title = {{An Introduction to Varieties of Capitalism}},
    year = {2001},
    booktitle = {Varieties of Capitalism: The Institutional Foundations of Comparative Advantage},
    author = {Hall, Peter A. and Soskice, David},
    editor = {Hall, Peter A. and Soskice, David},
    publisher = {Oxford University Press},
    isbn = {9780199247752},
    doi = {10.1093/0199247757.003.0001},
    issn = {0032-3292},
    pmid = {23898130},
    arxivId = {arXiv:1011.1669v3}
}

@inproceedings{Salo2007,
    title = {{An iterative improvement process for agile software development}},
    year = {2007},
    booktitle = {Software Process Improvement and Practice},
    author = {Salo, Outi and Abrahamsson, Pekka},
    doi = {10.1002/spip.305},
    issn = {10774866},
    keywords = {Agile software development, SPI, Software process improvement}
}

@article{AlcaideMunoz2017,
    title = {{Analysing the scientific evolution of e-Government using a science mapping approach}},
    year = {2017},
    journal = {Government Information Quarterly},
    author = {Alcaide–Mu{\~{n}}oz, Laura and Rodr{\'{i}}guez–Bol{\'{i}}var, Manuel Pedro and Cobo, Manuel Jesús and Herrera–Viedma, Enrique},
    doi = {10.1016/j.giq.2017.05.002},
    issn = {0740624X},
    keywords = {Bibliometric studies, Co-word analysis, Science mapping, Thematic evolution, e-Government}
}

@article{AlcaideMunoz2017a,
    title = {{Analysing the scientific evolution of e-Government using a science mapping approach}},
    year = {2017},
    journal = {Government Information Quarterly},
    author = {Alcaide–Mu{\~{n}}oz, Laura and Rodr{\'{i}}guez–Bol{\'{i}}var, Manuel Pedro and Cobo, Manuel Jesús and Herrera–Viedma, Enrique},
    doi = {10.1016/j.giq.2017.05.002},
    issn = {0740624X},
    keywords = {Bibliometric studies, Co-word analysis, Science mapping, Thematic evolution, e-Government}
}

@article{Corak2013,
    title = {{and Intergenerational Mobility}},
    year = {2013},
    journal = {Journal of Economic Perspectives},
    author = {Corak, Miles},
    number = {3},
    pages = {79--102},
    volume = {27},
    url = {http://doi.wiley.com/10.1111/1475-4991.00060},
    doi = {10.1257/jep.27.3.79},
    issn = {0895-3309},
    keywords = {income inequality, intergenerational Mobility}
}

@article{Graf2009,
    title = {{Applying the Varieties of Capitalism Approach to Higher Education: Comparing the internationalisation of German and British universities}},
    year = {2009},
    journal = {European Journal of Education},
    author = {Graf, Lukas},
    number = {4},
    pages = {569--585},
    volume = {44},
    isbn = {0141-8211},
    doi = {10.1111/j.1465-3435.2009.01401.x},
    issn = {01418211}
}

@incollection{Brynjolfsson2018,
    title = {{Artificial Intelligence and the Modern Productivity Paradox: A Clash of Expectations and Statistics}},
    year = {2018},
    booktitle = {The Economics of Artificial Intelligence: An Agenda},
    author = {Brynjolfsson, Erik and Rock, Daniel and Syverson, Chad},
    publisher = {Univsersity of Chicago Press}
}

@article{DAgaro2018,
    title = {{Artificial intelligence used in genome analysis studies}},
    year = {2018},
    journal = {The EuroBiotech Journal},
    author = {D’Agaro, Edo},
    doi = {10.2478/ebtj-2018-0012},
    issn = {2564-615X}
}

@misc{Spork2019,
    title = {{aspern Seestadt urban lab: an innovation leader in Vienna}},
    year = {2019},
    author = {Sp{\"{o}}rk, Ingrid},
    url = {https://www.governmenteuropa.eu/aspern-seestadt-urban-lab/93203/}
}

@article{Justen2014,
    title = {{Assessment of policies and detection of unintended effects: Guiding principles for the consideration of methods and tools in policy-packaging}},
    year = {2014},
    journal = {Transportation Research Part A: Policy and Practice},
    author = {Justen, Andreas and Schippl, Jens and Lenz, Barbara and Fleischer, Torsten},
    doi = {10.1016/j.tra.2013.10.015},
    issn = {09658564},
    keywords = {Assessment methods, Policy packaging, Transport policy analysis, Unintended policy effects}
}

@article{10/11/2019,
    title = {{Austria is Making Electric Cars more Affordable than Ever}},
    year = {2017},
    journal = {Pacific Standard},
    author = {Berwyn, Bob},
    month = {6},
    url = {https://psmag.com/news/austria-is-making-electric-cars-more-affordable-than-ever}
}

@inproceedings{Culpepper2005,
    title = {{Austria, Switzerland, and the Politics of Institutional Cahnge in Vocational Education}},
    year = {2005},
    booktitle = {Annual Meeting of the American Political Science Association},
    author = {Culpepper, Pepper},
    address = {Washington D.C.}
}

@book{Munzert2015,
    title = {{Automated Data Collection with R}},
    year = {2015},
    booktitle = {Automated Data Collection with R},
    author = {Munzert, Simon and Rubba, Christian and Mei{\ss}ner, Peter and Nyhuis, Dominic},
    publisher = {John Wiley {\&} Sons, Ltd},
    doi = {10.1002/9781118834732}
}

@misc{Richardson2007,
    title = {{Beautiful Soup Documentation}},
    year = {2007},
    author = {Richardson, Leonard},
    url = {https://www.crummy.com/software/BeautifulSoup/bs4/doc/}
}

@misc{Berlinmap360.com2019,
    title = {{Berlin Bike Map}},
    year = {2019},
    author = {{berlinmap360.com}},
    url = {https://berlinmap360.com/berlin-bike-map#.XbwBnEX7S_U}
}

@misc{For,
    title = {{Berlin Mobility Act}},
    year = {2018},
    author = {{Senate Department for the Environment Transport and Climate Protection}},
    url = {https://www.berlin.de/senuvk/verkehr/mobilitaetsgesetz/index_en.shtml}
}

@misc{JORNHASSELMANN,
    title = {{Berlins erster gepollerter Radweg ist er{\"{o}}ffnet}},
    year = {2018},
    booktitle = {Der Tagesspiegel},
    author = {Hasselmann, Jörn},
    month = {11},
    url = {https://www.tagesspiegel.de/berlin/hauptstadtverkehr-berlins-erster-gepollerter-radweg-ist-eroeffnet/23597138.html},
    address = {Berlin}
}

@misc{PublicServiceLab2020,
    title = {{Bessere B{\"{u}}rgerdienste Bessere Verwaltung}},
    year = {2020},
    author = {{Public Service Lab}},
    url = {https://medium.com/public-service-lab}
}

@article{Costello2005,
    title = {{Best Practices in Exploratory Factor Analysis: Four Recommendtions for Getting the Most From Your Analysis}},
    year = {2005},
    journal = {Practical Assessment, Research {\&} Evaluation},
    author = {Costello, Anna B and Osborne, Jason W},
    isbn = {1531-7714},
    doi = {10.1.1.110.9154},
    issn = {0916-0582},
    pmid = {12345678},
    arxivId = {1531-7714},
    keywords = {Developing Countries, Development Policy, Economic Development, Economic Factors, International Cooperation, Policy, Population Policy, Social Policy}
}

@article{Willcocks1996,
    title = {{Beyond the IT productivity paradox}},
    year = {1996},
    journal = {European Management Journal},
    author = {Willcocks, Leslie and Lester, Stephanie},
    isbn = {0471986925},
    doi = {10.1016/0263-2373(96)00007-2},
    issn = {02632373},
    pmid = {12070147}
}

@article{Brynjolfsson1998,
    title = {{Beyond the Productivity Paradox: Computers are the Catalyst for Bigger Changes}},
    year = {1998},
    journal = {Communications of the ACM},
    author = {Brynjolfsson, Erik and Hit, Lorin M.},
    number = {8},
    pages = {49--55},
    volume = {41}
}

@article{Yang2017,
    title = {{Big Data and cloud computing: innovation opportunities and challenges}},
    year = {2017},
    journal = {International Journal of Digital Earth},
    author = {Yang, Chaowei and Huang, Qunying and Li, Zhenlong and Liu, Kai and Hu, Fei},
    number = {1},
    pages = {13--53},
    volume = {10},
    publisher = {Taylor {\&} Francis},
    url = {https://doi.org/10.1080/17538947.2016.1239771},
    doi = {10.1080/17538947.2016.1239771}
}

@incollection{Becker2016,
    title = {{Bildungsaspirationen in Familien mit Migrationshintergrund}},
    year = {2016},
    booktitle = {Ethnische Ungleichheiten im Bildungsverlauf},
    author = {Becker, Birgit and Gresch, Cornelia},
    doi = {10.1007/978-3-658-04322-3{\_}3}
}

@misc{Statista,
    title = {{Bildungsstand - Bev{\"{o}}lkerung in Deutschland nach Schulabschluss 2017}},
    year = {2019},
    author = {{Statista}},
    url = {https://de.statista.com/statistik/daten/studie/1988/umfrage/bildungsabschluesse-in-deutschland/}
}

@misc{StatistaResearchDepartment2019,
    title = {{Bildungsstand - T{\"{u}}rkischst{\"{a}}mmige Bev{\"{o}}lkerung in Deutschland nach Schulabschluss 2017}},
    year = {2019},
    author = {{Statista}},
    url = {https://de.statista.com/statistik/daten/studie/165263/umfrage/verteilung-der-tuerkischstaemmigen-bevoelkerung-in-deutschland-nach-schulbildung/}
}

@misc{AgencyforScienceTechnologyandResearch2019,
    title = {{Biomedical Research Council}},
    year = {2019},
    author = {{Agency for Science Technology and Research}},
    url = {https://www.a-star.edu.sg/About-A-STAR/Biomedical-Research-Council/Overview}
}

@book{Oliver2006,
    title = {{Black Wealth / White Wealth}},
    year = {2006},
    author = {Oliver, Melvin and Shapiro, Thomas},
    publisher = {Routledge},
    address = {New York}
}

@misc{Laak2019,
    title = {{Brennpunktschulen in Berlin: Wenn Bildungspolitik das Richtige versucht – und scheitert}},
    year = {2019},
    booktitle = {Deutschlandfunk Kultur},
    author = {van Laak, Claudia},
    url = {https://www.deutschlandfunkkultur.de/brennpunktschulen-in-berlin-wenn-bildungspolitik-das.1001.de.html?dram:article_id=443565}
}

@misc{Schmidt,
    title = {{Bringing Ideas and Discourse Back into the Explanation of Change in Varieties of Capitalism and Welfare State}},
    author = {Schmidt, Vivien A.},
    publisher = {The Centre for Global Political Economy - University of Sussex},
    address = {Brighton}
}

@unpublished{Schmidt2008a,
    title = {{Bringing Ideas and Discourse Back into the Explanation of Change in Varieties of Capitalism and Welfare States}},
    year = {2008},
    booktitle = {Centre for Global Political Economy, Working Paper},
    author = {Schmidt, Vivien A},
    series = {Working Paper},
    institution = {Centre for Global Political Economy at the University of Sussex}
}

@misc{Chirgwin2018,
    title = {{Brits' DNA data sent to military base after 'foreign' hack attacks – report}},
    year = {2018},
    booktitle = {The Register},
    author = {Chirgwin, Richard},
    month = {12}
}

@article{Schafer2012,
    title = {{Building large corpora from the web using a new efficient tool chain}},
    year = {2012},
    journal = {Proceedings of the 8th International Conference on Language Resources and Evaluation, LREC 2012},
    author = {Sch{\"{a}}fer, Roland and Bildhauer, Felix},
    number = {2006},
    pages = {486--493},
    isbn = {9782951740877},
    keywords = {Corpus evaluation, Web corpora, Web crawling}
}

@techreport{FederalAgencyforMigrationandRefugees2010,
    title = {{Bundesweites Integrationsprogramm Angebote der Integrationsförderung in Deutschland – Empfehlungen zu ihrer Weiterentwicklung}},
    year = {2010},
    author = {{Federal Agency for Migration and Refugees}},
    address = {Berlin}
}

@book{Wilson1989,
    title = {{Bureaucracy: What government agencies do and why they do it}},
    year = {1989},
    author = {Wilson, James Q.},
    publisher = {Basic Books New York}
}

@unpublished{Remus2015,
    title = {{Can Robots Be Lawyers? Computers, Lawyers, and the Practice of Law}},
    year = {2016},
    booktitle = {SSRN},
    author = {Remus, D. and Levy, F.},
    url = {https://ssrn.com/abstract=2701092},
    institution = {SSRN},
    doi = {10.2139/ssrn.2701092},
    issn = {1556-5068},
    keywords = {Lawyering, Legal Profession, Rule of Law, Technology}
}

@article{Nuottila2016,
    title = {{Challenges of adopting agile methods in a public organization}},
    year = {2016},
    journal = {International Journal of Information Systems and Project Management},
    author = {Nuottila, Jouko and Aaltonen, Kirsi and Kujala, Jaakko},
    number = {3},
    pages = {65--85},
    volume = {4},
    doi = {10.12821/ijispm040304},
    issn = {21827788},
    keywords = {Adoption of agile methods, Agile barriers, Agile challenges, Agile methods, Agile project management, Software project management}
}

@article{Nuottila2016a,
    title = {{Challenges of adopting agile methods in a public organization}},
    year = {2016},
    journal = {International Journal of Information Systems and Project Management},
    author = {Nuottila, Jouko and Aaltonen, Kirsi and Kujala, Jaakko},
    doi = {10.12821/ijispm040304},
    issn = {21827788},
    keywords = {Adoption of agile methods, Agile barriers, Agile challenges, Agile methods, Agile project management, Software project management}
}

@article{Crul2009,
    title = {{Children of turkish immigrants in Germany and the Netherlands: The impact of differences in vocational and academic tracking systems}},
    year = {2009},
    journal = {Teachers College Record},
    author = {Crul, Maurice and Schneider, Jens},
    issn = {14679620}
}

@incollection{Tummers2013,
    title = {{Citizens in charge?: Reviewing the background and value of introducing choice and competition in public services}},
    year = {2013},
    booktitle = {Public Administration Reformation: Market Demand from Public Organizations},
    author = {Tummers, Lars and Jilke, Sebastian and Van De Walle, Steven},
    editor = {Dwivedi, Y. K.; and Shareef, M.A.; and Pandey, S.K.; and Kumar, V.},
    isbn = {9780203694428},
    doi = {10.4324/9780203694428}
}

@misc{MinistryofHealth2018,
    title = {{Code of Practice on the Standards for the Provision of Clinical Genetic/Genomic Testing Services and Clinical Laboratory Genetic/Genomic Testing Services}},
    year = {2018},
    author = {{Ministry of Health}},
    url = {https://www.moh.gov.sg/docs/librariesprovider5/licensing-terms-and-conditions/genetictestingstandards.pdf}
}

@misc{AssociationofBritishInsurers2018,
    title = {{Code on Genetic Testing and Insurance}},
    year = {2018},
    author = {{Association of British Insurers}}
}

@misc{PlotlyTechnologiesInc.2015,
    title = {{Collaborative data science}},
    year = {2015},
    author = {{Plotly Technologies Inc.}},
    url = {https://plot.ly}
}

@article{Branco2006,
    title = {{Communication of corporate social responsibility by Portuguese banks: A legitimacy theory perspective}},
    year = {2006},
    journal = {Corporate Communications},
    author = {Branco, Manuel Castelo and Rodrigues, Lúcia Lima},
    doi = {10.1108/13563280610680821},
    issn = {13563289},
    keywords = {Banks, Corporate communications, Corporate social responsibility, Internet, Portugal}
}

@inproceedings{osmundsen2020,
    title = {{Competences for Digital Transformation: Insights from the Norwegian Energy Sector}},
    year = {2020},
    booktitle = {Proceedings of the 53rd Hawaii International Conference on System Sciences},
    author = {Osmundsen, Karen}
}

@misc{Eby2016,
    title = {{Comprehensive Guide to the Agile Manifesto}},
    year = {2016},
    booktitle = {smartsheet},
    author = {Eby, Kate},
    url = {https://www.smartsheet.com/comprehensive-guide-values-principles-agile-manifesto}
}

@article{David1991,
    title = {{Computer and Dynamo: The Modern Productivity Paradox in a Not-Too-Distant Mirror}},
    year = {1991},
    journal = {Technology and Productivity: The Challenge for Economic Policy},
    author = {David, Paul A},
    isbn = {9780262581660},
    doi = {DOI:}
}

@article{Demircioglu2017,
    title = {{Conditions for innovation in public sector organizations}},
    year = {2017},
    journal = {Research Policy},
    author = {Demircioglu, Mehmet Akif and Audretsch, David B.},
    number = {9},
    pages = {1681--1691},
    volume = {46},
    publisher = {Elsevier},
    url = {https://doi.org/10.1016/j.respol.2017.08.004},
    doi = {10.1016/j.respol.2017.08.004},
    issn = {00487333},
    keywords = {Australian public service, Conditions for innovation, Innovation, Innovation measurement, Public sector innovation}
}

@article{AmericanAssociationofStateCollegesandUniversities2005,
    title = {{Connecting Higher Education, Public Opinion and Public Policy}},
    year = {2005},
    author = {{American Association of State Colleges and Universities}},
    number = {9},
    volume = {2}
}

@book{Bason2017,
    title = {{Copenhagen Business School Solbjerg Plads 3 Dk-2000 Frederiksberg Danmark Leading Public Design: How Managers Engage With Design To Transform Public Governance}},
    year = {2017},
    booktitle = {PhD Series},
    author = {Bason, Christian and Dk, Www Cbs},
    volume = {21},
    url = {http://openarchive.cbs.dk/bitstream/handle/10398/9480/Christian Bason.pdf?sequence=1},
    isbn = {978-87-93579-15-6},
    issn = {0906-6934}
}

@misc{OECD,
    title = {{Core Skills for Public Sector Innovation}},
    year = {2017},
    author = {{OECD}},
    url = {https://www.oecd.org/media/oecdorg/satellitesites/opsi/contents/files/OECD_OPSI-core_skills_for_public_sector_innovation-201704.pdf},
    institution = {OECD}
}

@article{Miera2008,
    title = {{Country Report on Education: Germany}},
    year = {2008},
    journal = {EDUMIGROM},
    author = {Miera, Frauke},
    institution = {Center for Policy Studies Central European University}
}

@article{Snapshot2017,
    title = {{Country Snapshot}},
    year = {2017},
    author = {Snapshot, Country},
    number = {October},
    volume = {2010}
}

@book{CLCULI2014,
    title = {{Creating healthy places through active mobility}},
    year = {2014},
    booktitle = {Centre for Liveable Cities, Singapore {\&} Urban Land Institude, Asia Pacific},
    author = {{CLC; ULI}},
    isbn = {9789810924799}
}

@article{Arif2008,
    title = {{Customer orientation in e-government project management: A case study}},
    year = {2008},
    journal = {Electronic Journal of e-Government},
    author = {Arif, M},
    issn = {1479-439X},
    keywords = {Built and Human Environment}
}

@misc{Vinatzer2019,
    title = {{Cyberbiosecurity challenges of pathogen genome databases}},
    year = {2019},
    booktitle = {Frontiers in Bioengineering and Biotechnology},
    author = {Vinatzer, Boris A. and Heath, Lenwood S. and Almohri, Hussain M.J. and Stulberg, Michael J. and Lowe, Christopher and Li, Song},
    doi = {10.3389/fbioe.2019.106},
    issn = {22964185},
    keywords = {Cyberbiosecurity, Cybersecurity, Genome databases, Pathogen, Plant and animal health}
}

@misc{BerlinerSenatsverwaltungfur,
    title = {{Cycling}},
    year = {2019},
    author = {{Senate Department for the Environment Transport and Climate Protection Berlin}},
    url = {https://www.berlin.de/senuvk/verkehr/politik_planung/rad/index_en.shtml}
}

@techreport{FederalMinistryoftheInterior2019,
    title = {{Darstellung der Ma{\ss}nahmen der Bundesregierung zur Sprachförderung und Integration}},
    year = {2019},
    author = {{Federal Ministry of the Interior}},
    institution = {Die Bundesregierung},
    address = {Berlin}
}

@article{Baethge2015,
    title = {{Das deutsche Ausbildungsmodell im Umbruch: zwischen dualem Berufsbildungssystem und Hochschulstudium}},
    year = {2015},
    journal = {Journal for Labour Market Research},
    author = {Baethge, Martin and Wolter, Andrä},
    number = {2},
    pages = {97--112},
    volume = {48},
    doi = {10.1007/s12651-015-0181-x},
    issn = {18678343}
}

@article{Hurrelmann2013,
    title = {{Das Schulsystem in Deutschland: Das "Zwei-Wege-Modell" setzt sich durch}},
    year = {2013},
    journal = {Zeitschrift fur Padagogik},
    author = {Hurrelmann, Klaus},
    issn = {00443247},
    keywords = {Comprehensive school, Educational research, Integrated secondary school, Tracking system, Two-way-school model}
}

@misc{Torner2019,
    title = {{Das Wiener Mobilit{\"{a}}tskonzept f{\"{u}}r die Zukunft}},
    year = {2019},
    author = {Torner, Timotheus},
    url = {https://www.stadt-wien.at/wien/fachkonzept-mobilitaet.html}
}

@article{McKinney2010,
    title = {{Data Structures for Statistical Computing in Python}},
    year = {2010},
    journal = {Proceedings of the 9th Python in Science Conference},
    author = {McKinney, Wes},
    issn = {0440877763224},
    pmid = {1000224767}
}

@misc{Niemeyer2003,
    title = {{Dateutil - powerful extensions to datetime}},
    year = {2003},
    author = {Niemeyer, Gustave},
    url = {https://github.com/dateutil/dateutil}
}

@article{Mergel2019a,
    title = {{Defining digital transformation: Results from expert interviews}},
    year = {2019},
    journal = {Government Information Quarterly},
    author = {Mergel, Ines and Edelmann, Noella and Haug, Nathalie},
    number = {4},
    volume = {36},
    doi = {10.1016/j.giq.2019.06.002},
    issn = {0740624X},
    keywords = {Digital government, Digital transformation, Digitalization, Digitization, Expert interviews, Grounded theory}
}

@article{Demircioglu2019,
    title = {{Depoliticizing the European Immigration Debate: How to Engage Public Sector Innovation to Integrate Migrants (Manuscript Draft)}},
    year = {2019},
    author = {Demircioglu, Mehmet Akif and Vivona, Roberto},
    isbn = {6565164193},
    keywords = {corresponding author, d, dr, europe, integration, key words, mehmet akif demircioglu, migration, national university of singapore, ph, public sector innovation, refugees, s institution}
}

@unpublished{Junginger2013,
    title = {{Design and Innovation in the Public Sector : Matters of Design in Policy-Making and Policy Implementation}},
    year = {2013},
    author = {Junginger, Sabine},
    institution = {The School of Design Kolding, Kolding, Denmark},
    keywords = {design, design in the public, policy implementation, policy-making, realm, role of}
}

@book{creswell2017designing,
    title = {{Designing and conducting mixed methods research}},
    year = {2017},
    author = {Creswell, John W and Clark, Vicki L Plano},
    publisher = {Sage publications}
}

@misc{IDEO2017,
    title = {{Designing for Public Services}},
    year = {2017},
    author = {{IDEO} and {Nesta}},
    publisher = {designforeurope.eu},
    url = {http://designforeurope.eu/sites/default/files/asset/document/Nesta_Ideo_Guide_Jan2017.pdf}
}

@article{Alford1995,
    title = {{Designing Social Inquiry: Scientific Inference in Qualitative Research.}},
    year = {1995},
    journal = {Contemporary Sociology},
    author = {Alford, Robert R. and King, Gary and Keohane, Robert O. and Verba, Sidney},
    doi = {10.2307/2076556},
    issn = {00943061}
}

@article{DumitruSandu2017,
    title = {{Destination Selection Among Romanian Migrants in Times of Crisis: an Origin Integrated Approach}},
    year = {2017},
    journal = {Romanian journal of population studies},
    author = {{Dumitru Sandu}},
    number = {2},
    pages = {145--192},
    volume = {XI},
    url = {http://rjps.reviste.ubbcluj.ro/volume-xi-issue-2-2017/dumitru-sandu/}
}

@article{Duso2018,
    title = {{Deutschland muss seine Digitalstrategie {\"{u}}berdenken, um den Anschluss nicht zu verlieren}},
    year = {2018},
    journal = {DIW-Wochenbericht},
    author = {Duso, Tomaso and Baake, Pio and Girard, Yann and Mattes, Anselm and Michelsen, Claus and Nardotto, Mattia and Seldeslachts, Jo and Sudaric, Slobodan},
    number = {25},
    pages = {529--530},
    volume = {85},
    institution = {Deutsches Institut f{\"{u}}r Wirtschaftsforschung (DIW)},
    address = {Berlin}
}

@article{Taeihagh2009,
    title = {{Development of a novel framework for the design of transport policies to achieve environmental targets}},
    year = {2009},
    journal = {Computers and Chemical Engineering},
    author = {Taeihagh, Araz and Ba{\~{n}}ares-Alc{\'{a}}ntara, René and Millican, Claire},
    doi = {10.1016/j.compchemeng.2009.01.010},
    issn = {00981354},
    keywords = {Conceptual design, Decision support systems, Emission reduction, Policy design, Process design, Transportation}
}

@book{Conklin2005,
    title = {{Dialogue Mapping: Building Shared Understanding of Wicked Problems - Chapter 1}},
    year = {2005},
    booktitle = {CogNexus Institute},
    author = {Conklin, Jeff},
    isbn = {978-0470017685},
    doi = {10.1097/NNA.0b013e3181b9228f},
    issn = {15390721},
    pmid = {19820520},
    arxivId = {arXiv:1011.1669v3}
}

@techreport{BundesministeriumsdesInnernfurBauundHeimat2019,
    title = {{Die Digitale Agenda des BMI}},
    year = {2019},
    author = {{Bundesministeriums des Innern f{\"{u}}r Bau und Heimat}}
}

@misc{B.Z.2018,
    title = {{Die gro{\ss}e Wut der Berliner Radfahrer auf Falschparker}},
    year = {2018},
    author = {{B.Z.}},
    url = {https://www.bz-berlin.de/berlin/neukoelln/die-grosse-wut-der-berliner-radfahrer-auf-falschparker},
    address = {Berlin}
}

@unpublished{Fabian2007,
    title = {{Die wirtschaftliche und soziale Lage der Studierenden in der Bundesrepublik Deutschland 2006}},
    year = {2007},
    booktitle = {Bundesministerium f{\"{u}}r Bildung und Forschung},
    author = {Fabian, Gregor and Isserstedt, Wolfgang and Middendorf, Elke}
}

@article{Middendorff2017,
    title = {{Die wirtschaftliche und soziale Lage der Studierenden in Deutschland 2016}},
    year = {2017},
    journal = {Bundesministerium f{\"{u}}r Bildung und Forschung},
    author = {Middendorff, Elke and Apolinarski, Beate and Poskowsky, Jonas and Kandulla, Maren and Netz, Nicolai}
}

@incollection{Rogers2019,
    title = {{Diffusion of innovations}},
    year = {2019},
    booktitle = {An Integrated Approach to Communication Theory and Research, Third Edition},
    author = {Rogers, Everett M. and Singhal, Arvind and Quinlan, Margaret M.},
    isbn = {9781351358712},
    doi = {10.4324/9780203710753-35}
}

@book{Rogers2003,
    title = {{Diffusion of Innovations}},
    year = {2003},
    booktitle = {Social Networks},
    author = {Rogers, Everett M},
    edition = {Fifth Edit},
    publisher = {Free Press},
    isbn = {9780743222099}
}

@techreport{EuropeanCommission2018,
    title = {{Digital Economy and Society Index Report 2018 – Integration of Digital Technologies}},
    year = {2018},
    author = {{European Commission}}
}

@techreport{EuropeanCommission2019a,
    title = {{Digital Government Factsheet 2019 - Germany}},
    year = {2019},
    author = {{European Commission}},
    url = {https://joinup.ec.europa.eu/sites/default/files/inline-files/Digital_Government_Factsheets_Germany_2019.pdf}
}

@techreport{EuropeanCommission2019b,
    title = {{Digital Government Factsheet 2019 - The United Kingdom}},
    year = {2019},
    author = {{European Commission}},
    url = {https://joinup.ec.europa.eu/sites/default/files/inline-files/Digital_Government_Factsheets_UK_2019.pdf}
}

@book{Lankshear2008,
    title = {{Digital Literacies. Concepts, Policies and Practices}},
    year = {2008},
    author = {Lankshear, Colin and Knobel, Michele},
    publisher = {Peter Lang},
    address = {New York}
}

@article{Tabrizi2019,
    title = {{Digital transformation is not about technology}},
    year = {2019},
    journal = {Harvard Business Review},
    author = {Tabrizi, Behnam and Lam, Ed and Girard, Kirk and Irvin, Vernon}
}

@article{Mergel2019,
    title = {{Digitale Transformation als Reformvorhaben der deutschen {\"{o}}ffentlichen Verwaltung}},
    year = {2019},
    journal = {der moderne staat – Zeitschrift f{\"{u}}r Public Policy, Recht und Management},
    author = {Mergel, Ines},
    doi = {10.3224/dms.v12i1.09},
    issn = {18657192}
}

@misc{Bundesregierung2019,
    title = {{Digitalisierung gestalten - Umsetzungsstrategie der Bundesregierung}},
    year = {2019},
    author = {{Bundesregierung}},
    url = {https://www.bundesregierung.de/resource/blob/975226/1552758/f7a843ad5aa07e9a25af191e8895b23f/pdf-umsetzungsstrategie-digitalisierung-data.pdf?download=1}
}

@techreport{Arntz2018,
    title = {{Digitalisierung und die Zukunft der Arbeit: Makro{\"{o}}konomische Auswirkungen auf Besch{\"{a}}ftigung, Arbeitslosigkeit und L{\"{o}}hne von morgen}},
    year = {2018},
    author = {Arntz, M. and Gregory, T. and Zierahn, U.},
    institution = {Zentrum f{\"{u}}r Europ{\"{a}}ische Wirtschaftsforschung (ZEW)}
}

@incollection{Schellinger2020,
    title = {{Digitalisierung: Perspektiven f{\"{u}}r Arbeitsmodelle der Zukunft in Wirtschaft und Verwaltung}},
    year = {2020},
    booktitle = {Digitale Transformation und Unternehmensf{\"{u}}hrung},
    author = {Schellinger, Jochen and Le Huynh, Gia},
    doi = {10.1007/978-3-658-26960-9{\_}7}
}

@incollection{Brennen2015,
    title = {{Digitalization}},
    year = {2016},
    booktitle = {The International Encyclopedia of Communication Theory and Philosophy},
    author = {Brennen, Scott and Kreiss, Daniel},
    editor = {Jensen, K.B. and Rothenbuhler, E.W. and Pooley, J.D. and Craig, R.T.},
    publisher = {Wiley},
    keywords = {but the concern with, competing uses of a, digital keywords, has changed over time, is the simultaneous and, many of these, our, particularly, raymond williams urges us, term by different communities, to think about how, use of a term}
}

@article{Bloomberg2018,
    title = {{Digitization, Digitalization, And Digital Transformation: Confuse Them At Your Peril}},
    year = {2018},
    journal = {Forbes Media LLC},
    author = {Bloomberg, Jason}
}

@article{Sprietsma2013,
    title = {{Discrimination in grading: Experimental evidence from primary school teachers}},
    year = {2013},
    journal = {Empirical Economics},
    author = {Sprietsma, Maresa},
    doi = {10.1007/s00181-012-0609-x},
    issn = {03777332},
    keywords = {Discrimination, Field experiment, Grading, Migrant background}
}

@article{Schmidt2008,
    title = {{Discursive Institutionalism: The Explanatory Power of Ideas and Discourse}},
    year = {2008},
    journal = {Annual Review of Political Science},
    author = {Schmidt, Vivien A.},
    number = {1},
    pages = {303--326},
    volume = {11},
    url = {http://www.annualreviews.org/doi/10.1146/annurev.polisci.11.060606.135342},
    isbn = {10942939 (ISSN); 9780824333119 (ISBN)},
    doi = {10.1146/annurev.polisci.11.060606.135342},
    issn = {1094-2939},
    pmid = {15727036},
    arxivId = {http://eds.b.ebscohost.com.ezproxy.endeavour.edu.au/eds/detail/detail?vid=12{\&}sid=4dd132e6-0a71-44b4-b3b4-c8a5b3c40b50{\%}40sessionmgr106{\&}hid=103{\&}bdata=JnNpdGU9ZWRzLWxpdmUmc2NvcGU9c2l0ZQ{\%}3d{\%}3d{\#}AN=107096387{\&}db=rzh},
    keywords = {institutional change, institutions, interests, new, norms}
}

@article{Schmidt2008b,
    title = {{Discursive Institutionalism: The Explanatory Power of Ideas and Discourse}},
    year = {2008},
    journal = {Annual Review of Political Science},
    author = {Schmidt, Vivien A.},
    isbn = {10942939 (ISSN); 9780824333119 (ISBN)},
    doi = {10.1146/annurev.polisci.11.060606.135342},
    issn = {1094-2939},
    pmid = {15727036},
    arxivId = {http://eds.b.ebscohost.com.ezproxy.endeavour.edu.au/eds/detail/detail?vid=12{\&}sid=4dd132e6-0a71-44b4-b3b4-c8a5b3c40b50{\%}40sessionmgr106{\&}hid=103{\&}bdata=JnNpdGU9ZWRzLWxpdmUmc2NvcGU9c2l0ZQ{\%}3d{\%}3d{\#}AN=107096387{\&}db=rzh}
}

@article{Regalado2019,
    title = {{Disgraced CRISPR scientist had plans to start a designer-baby business}},
    year = {2019},
    journal = {MIT Technology Review},
    author = {Regalado, A.},
    month = {8},
    url = {https://www.technologyreview.com/s/614051/crispr-baby-maker-explored-starting-a-business-in-designer-baby-tourism/}
}

@article{McLanahan2004,
    title = {{Diverging Destinies: How Children Are Faring Under the Second Demographic Transition}},
    year = {2004},
    journal = {Demography},
    author = {McLanahan, Sara},
    isbn = {00703370},
    doi = {10.1353/dem.2004.0033},
    issn = {1533-7790},
    pmid = {15622946}
}

@article{Howlett2002,
    title = {{Do Networks Matter? Linking Policy Network Structure to Policy Outcomes: Evidence from Four Canadian Policy Sectors 1990-2000}},
    year = {2002},
    journal = {Canadian Journal of Political Science},
    author = {Howlett, Michael},
    doi = {10.1017/s0008423902778232},
    issn = {0008-4239}
}

@article{Howlett2002a,
    title = {{Do Networks Matter? Linking Policy Network Structure to Policy Outcomes: Evidence from Four Canadian Policy Sectors 1990-2000}},
    year = {2002},
    journal = {Canadian Journal of Political Science},
    author = {Howlett, Michael},
    doi = {10.1017/s0008423902778232},
    issn = {0008-4239}
}

@article{Edquist2017,
    title = {{Do R{\&}D and ICT Affect Total Factor Productivity Growth Differently?}},
    year = {2016},
    journal = {Telecommunications Policy},
    author = {Edquist, Harald and Henrekson, Magnus},
    doi = {10.1016/j.telpol.2016.11.010},
    issn = {03085961},
    keywords = {Hardware, ICT, Panel data analysis, R{\&}D, Software, Total factor productivity}
}

@article{Serrador2015,
    title = {{Does Agile work? - A quantitative analysis of agile project success}},
    year = {2015},
    journal = {International Journal of Project Management},
    author = {Serrador, Pedro and Pinto, Jeffrey K.},
    doi = {10.1016/j.ijproman.2015.01.006},
    issn = {02637863},
    keywords = {Agile, Efficiency, Methodology, Success}
}

@misc{Archer2017,
    title = {{Does car sharing really reduce car use?}},
    year = {2017},
    booktitle = {Transport {\&} Environment},
    author = {Archer, Greg},
    url = {https://www.transportenvironment.org/newsroom/blog/does-car-sharing-really-reduce-car-use}
}

@article{Dodgson2001,
    title = {{DTLR multi-criteria analysis manual}},
    year = {2001},
    journal = {UK: National Economic Research Associates},
    author = {Dodgson, J. and Spackman, M. and Pearman, A. and Phillips, L.}
}

@book{Bernhard2017,
    title = {{Durch Europ{\"{a}}isierung zu mehr Durchl{\"{a}}ssigkeit? Ver{\"{a}}nderungsdynamiken des Verh{\"{a}}ltnisses von beruflicher Bildung zur Hochschulbildung in Deutschland und Frankreich}},
    year = {2017},
    author = {Bernhard, Nadine},
    isbn = {9783863887063}
}

@article{Meijer2015,
    title = {{E-governance innovation: Barriers and strategies}},
    year = {2015},
    journal = {Government Information Quarterly},
    author = {Meijer, Albert},
    number = {2},
    pages = {198--206},
    volume = {32},
    publisher = {Elsevier Inc.},
    url = {http://dx.doi.org/10.1016/j.giq.2015.01.001},
    doi = {10.1016/j.giq.2015.01.001},
    issn = {0740624X},
    keywords = {Barriers, E-governance, Innovation, Police, Strategies}
}

@book{Wirtz2015,
    title = {{e-Government - Strategy Process Instruments}},
    year = {2015},
    author = {Wirtz, Bernd W and Daiser, Peter},
    publisher = {University of Administrative Sciences Speyer},
    isbn = {9783000504457}
}

@article{Ebrahim2005,
    title = {{E-government adoption: Architecture and barriers}},
    year = {2005},
    journal = {Business Process Management Journal},
    author = {Ebrahim, Zakareya and Irani, Zahir},
    doi = {10.1108/14637150510619902},
    issn = {14637154},
    keywords = {Computer applications, Government data processing, Public sector organizations}
}

@book{pisani2019,
    title = {{Economic Policy Theory and Practice}},
    year = {2019},
    author = {Bénassy-Quéré, Agnès and C{\oe}uré, Benoît and Jacquet, Pierre and Pisani-Ferry, Jean},
    publisher = {Oxford University Press}
}

@book{Benassy-Quere2013,
    title = {{Economic Policy: Theory and Practice}},
    author = {B{\'{e}}nassy-Qu{\'{e}}r{\'{e}}, Agnès and Coeur{\'{e}}, Benoît and Jacquet, Pierre and Pisani-Ferry, Jean},
    edition = {Second},
    pages = {Forthcoming},
    publisher = {Oxford University Press}
}

@article{Busemeyer2017a,
    title = {{Education and the Welfare State: A Short Comment on a Complex Relationship}},
    year = {2017},
    journal = {PS - Political Science and Politics},
    author = {Busemeyer, Marius R.},
    number = {2},
    pages = {426--427},
    volume = {50},
    publisher = {Universitaet Konstanz},
    doi = {10.1017/S104909651600295X},
    issn = {15375935}
}

@article{Grimmelikhuijsen2014,
    title = {{Effects of transparency on the perceived trustworthiness of a government organization: Evidence from an online experiment}},
    year = {2014},
    journal = {Journal of Public Administration Research and Theory},
    author = {Grimmelikhuijsen, Stephan G. and Meijer, Albert J.},
    doi = {10.1093/jopart/mus048},
    issn = {10531858}
}

@inproceedings{Barbaresi2016,
    title = {{Efficient construction of metadata-enhanced web corpora}},
    year = {2016},
    booktitle = {10th Web as Corpus Workshop, Association for Computational Linguistics (ACL SIGWAC)},
    author = {Barbaresi, Adrien},
    pages = {7--16},
    doi = {10.18653/v1/w16-2602}
}

@incollection{Blohm2008,
    title = {{Einstellungen und Kontakte zu Ausl{\"{a}}ndern}},
    year = {2008},
    booktitle = {Datenreport 2008},
    author = {Blohm, Michael and Wasmer, Martina},
    editor = {Habich, Roland},
    organization = {Bundeszentrale für politische Bidlung}
}

@article{Rigby2016,
    title = {{Embracing agile}},
    year = {2016},
    journal = {Harvard Business Review},
    author = {Rigby, Darrell K. and Sutherland, Jeff and Takeuchi, Hirotaka},
    issn = {00178012}
}

@article{Roemer1998,
    title = {{Equality of Opportunity}},
    year = {1998},
    journal = {Harvard University Press},
    author = {Roemer, John E.},
    isbn = {9780080970875},
    doi = {10.1016/B978-0-08-097086-8.32051-7},
    issn = {15740056},
    pmid = {990249565}
}

@incollection{Bingley2012,
    title = {{Equality of Opportunity and Intergenerational Transmission of Employers}},
    year = {2012},
    booktitle = {From Parents to Children: The Intergenerational Transmission of Advantage},
    author = {Bingley, Paul and Corak, Miles and Westergard-Nielsen, Niels},
    isbn = {9780871540454}
}

@incollection{Stone2011,
    title = {{Equity}},
    year = {2011},
    booktitle = {Policy Paradox: The Art of Political Decision Making},
    author = {Stone, Deborah},
    pages = {39--57},
    isbn = {069101082X},
    doi = {10.1017/CBO9781107415324.004},
    issn = {1098-6596},
    pmid = {25246403},
    arxivId = {arXiv:1011.1669v3},
    keywords = {icle}
}

@misc{Petrone2017,
    title = {{Estonia Invests €5M to Genotype 100K People in 2018 as Part of Personalized Medicine Project}},
    year = {2017},
    booktitle = {GenomeWeb},
    author = {Petrone, J.},
    url = {https://www.genomeweb.com/genetic-research/estonia-invests-5m-genotype-100k-people-2018-part-personalized-medicine-project}
}

@misc{Petrone2018,
    title = {{Estonia to Invest €2.3M to Genotype 50K More People in 2019}},
    year = {2018},
    booktitle = {GenomeWeb},
    author = {Petrone, J.},
    url = {https://www.genomeweb.com/microarrays-multiplexing/estonia-invest-23m-genotype-50k-more-people-2019}
}

@article{Kelly2018,
    title = {{Estonia’s giant initiative to deliver the benefits of genetic data}},
    year = {2018},
    journal = {SCIENCE/BUSINESS},
    author = {Kelly, Éanna},
    url = {https://sciencebusiness.net/news/estonias-giant-initiative-deliver-benefits-genetic-data}
}

@misc{BioethicsAdvisoryCommittee2015,
    title = {{Ethics Guidelines for Human Biomedical Research}},
    year = {2015},
    author = {{Bioethics Advisory Committee}},
    url = {https://www.bioethics-singapore.org/files/publications/reports/ethics-guidelines-for-human-biomedical-research-report-only.pdf}
}

@incollection{Diehl2016,
    title = {{Ethnische Diskriminierung im deutschen Bildungssystem}},
    year = {2016},
    booktitle = {Ethnische Ungleichheiten im Bildungsverlauf},
    author = {Diehl, Claudia and Fick, Patrick},
    doi = {10.1007/978-3-658-04322-3{\_}6}
}

@article{Moscovitz2014,
    title = {{Europe of Knowledge}},
    year = {2014},
    author = {Moscovitz, Hannah},
    pages = {1--9}
}

@article{CarvalhoFernandes2016,
    title = {{Evaluation of Agile Software Projects in the Public Sector: A Literature Review}},
    year = {2016},
    journal = {Journal of Software},
    author = {Carvalho Fernandes, Marcelo and Juarez Alencar, Antonio and Assis Schmitz, Eber and Ferreira da Silva, Monica and Sotirios Stefaneas, Petros},
    doi = {10.17706/jsw.11.3.312-325},
    issn = {1796-217X}
}

@inproceedings{Hu2006,
    title = {{Examining cross-agency collaborations in e-government initiatives}},
    year = {2006},
    booktitle = {Proceedings of the Annual Hawaii International Conference on System Sciences},
    author = {Hu, Paul Jen Hwa and Cui, Dai and Sherwood, Alan Charles},
    isbn = {0769525075},
    doi = {10.1109/HICSS.2006.165},
    issn = {15301605}
}

@inproceedings{Scott2008,
    title = {{Executing agile in a structured organization: Government}},
    year = {2008},
    booktitle = {Proceedings - Agile 2008 Conference},
    author = {Scott, Janette and Johnson, Robyn and McCullough, Michael},
    isbn = {9780769533216},
    doi = {10.1109/Agile.2008.40}
}

@article{Gichoya2005,
    title = {{Factors Affecting the Successful Implementation of ICT Project in Government}},
    year = {2005},
    journal = {The electronic Journal of E Government},
    author = {Gichoya, David},
    isbn = {1905305001},
    doi = {10.1108/13552519910282601},
    issn = {20491034},
    keywords = {Government informatics, ICT projects implementatio, e-government, government informatics, ict projects implementation, ict success and, information system}
}

@article{PuronCid2014,
    title = {{Factors for a successful adoption of budgetary transparency innovations: A questionnaire report of an open government initiative in Mexico}},
    year = {2014},
    journal = {Government Information Quarterly},
    author = {Puron-Cid, Gabriel},
    doi = {10.1016/j.giq.2014.01.007},
    issn = {0740624X},
    keywords = {Budgeting, Factors of adoption, Open government, Questionnaire}
}

@article{Janssen2014,
    title = {{Failure of large transformation projects from the viewpoint of complex adaptive systems: Management principles for dealing with project dynamics}},
    year = {2014},
    journal = {Information Systems Frontiers},
    author = {Janssen, Marijn and van der Voort, Haiko and van Veenstra, Anne Fleur},
    doi = {10.1007/s10796-014-9511-8},
    issn = {13873326},
    keywords = {Adoption, Complex adaptive systems, Design, Failure, Transformation, XBRL}
}

@incollection{Krueger2015,
    title = {{Focus Group Interviewing}},
    year = {2015},
    booktitle = {Handbook of Practical Program Evaluation: Fourth Edition},
    author = {Krueger, Richard A. and Casey, Mary Anne},
    isbn = {9781119171386},
    doi = {10.1002/9781119171386.ch20},
    keywords = {Classic analysis strategy, Focus group interviewing, Focus group recruitment, Formative evaluations, Study team leader, Summative evaluations}
}

@incollection{Gomolla2003,
    title = {{F{\"{o}}rdern und Fordern allein gen{\"{u}}gt nicht! Mechanismen institutioneller Diskriminierung von Migrantenkindern und -jugendlichen im deutschen Schulsystem}},
    year = {2003},
    booktitle = {Schieflagen im Bildungssystem},
    author = {Gomolla, Mechthild},
    doi = {10.1007/978-3-322-97594-2{\_}6}
}

@article{Andrews2013,
    title = {{Four Faces of Public Service Efficiency}},
    year = {2013},
    journal = {Public Management Review},
    author = {Andrews, Rhys and Entwistle, Tom},
    isbn = {1471-9037},
    doi = {10.1080/14719037.2012.725760},
    issn = {1471-9037}
}

@article{Dill2012,
    title = {{Four types of cyclists? Examination of typology for better understanding of bicycling behavior and potential}},
    year = {2012},
    journal = {Transportation Research Record: Journal of the Transportation Research Board},
    author = {Dill, Jennifer and McNeil, Nathan},
    doi = {10.3141/2387-15},
    issn = {0361-1981},
    keywords = {Bicycle travel, Bicycling, Cyclists, Portland (Oregon), Travel behavior, Typology}
}

@article{Givoni2013,
    title = {{From Policy Measures to Policy Packages}},
    year = {2013},
    journal = {Transport Reviews},
    author = {Givoni, Moshe and Macmillen, James and Banister, David and Feitelson, Eran},
    doi = {10.1080/01441647.2012.744779},
    issn = {01441647}
}

@unpublished{Worldbank2018,
    title = {{From Uneven Growth to Inclusive Development: Romania’s Path to Shared Prosperity}},
    year = {2018},
    author = {{World Bank}},
    series = {Systematic Country Diagnostics},
    institution = {World Bank},
    address = {Washington, DC},
    doi = {10.1596/978-1-4648-1317-7}
}

@techreport{Lundqvist2016,
    title = {{From waterfall to agile: How a public-sector agency successfully changed its system- development approach to become digital}},
    year = {2016},
    author = {Lundqvist, Martin and Olesen, Peter Braad},
    url = {http://www.mckinsey.com/business-functions/business-technology/our-insights/Digitizing-the-delivery-of-government-services?cid=other-eml-alt-mip-mck-oth-1603},
    institution = {McKinsey {\&} Company}
}

@misc{Drever2002,
    title = {{Gaining access to housing in Germany: The foreign-minority experience}},
    year = {2002},
    booktitle = {Urban Studies},
    author = {Drever, Anita I. and Clark, William A.V.},
    doi = {10.1080/0042098022000027040},
    issn = {00420980}
}

@misc{Hood2006,
    title = {{Gaming in targetworld: The targets approach to managing british public services}},
    year = {2006},
    booktitle = {Public Administration Review},
    author = {Hood, Christopher},
    isbn = {0033-3352},
    doi = {10.1111/j.1540-6210.2006.00612.x},
    issn = {00333352}
}

@unpublished{Lenoir2009,
    title = {{GDP PER CAPITA IN ADVANCED COUNTRIES OVER THE 20TH CENTURY}},
    year = {2009},
    author = {Bergeaud, A. and Cette, G. and Lecat, R.},
    number = {549},
    series = {Eurosyst{\`{e}}me},
    institution = {Banque de France}
}

@article{Diefenbach2002,
    title = {{Gender ideologies, relative resources, and the division of housework in intimate relationships: A test of Hyman Rodman's Theory of resources in cultural context}},
    year = {2002},
    journal = {International Journal of Comparative Sociology},
    author = {Diefenbach, Heike},
    doi = {10.1177/002071520204300103},
    issn = {00207152},
    keywords = {Cross-cultural comparison, Division of housework, Gender ideology, Resource theory}
}

@article{Profiroiu2006,
    title = {{General Consideration on the Decentralization Process in Romania}},
    year = {2006},
    journal = {Administrație și Management Public},
    author = {Profiroiu, A. and Profiroiu, M. and Paradeilles, A.A.},
    number = {7},
    pages = {21--34}
}

@article{Bresnahan1995,
    title = {{General purpose technologies 'Engines of growth'?}},
    year = {1995},
    journal = {Journal of Econometrics},
    author = {Bresnahan, Timothy F. and Trajtenberg, M.},
    isbn = {0304-4076},
    doi = {10.1016/0304-4076(94)01598-T},
    issn = {03044076},
    pmid = {3452},
    keywords = {Coordination, Growth, Social returns, Technical change}
}

@unpublished{ReinsuranceGroupofAmerica2019,
    title = {{Genetics and Insurance: Challenges and Opportunities II}},
    year = {2019},
    author = {{Reinsurance Group of America}},
    url = {https://rgare.com/knowledge-center/media/research/genetics-and-insurance-challenges-and-opportunities-ii}
}

@misc{OECD2019,
    title = {{Germany - Overview of the education system (EAG 2019)}},
    year = {2019},
    booktitle = {Education GPS},
    author = {{OECD}},
    url = {http://gpseducation.oecd.org/CountryProfile?primaryCountry=DEU&treshold=10&topic=EO}
}

@misc{Martin2017,
    title = {{Germany reclaims top “nation brand” ranking, with USA dropping to sixth place}},
    year = {2017},
    author = {Martin, Amanda},
    url = {https://www.gfk.com/fileadmin/user_upload/2017-11-16_Anholt-GfK_NBI_2017_press_release_global_vfinal.pdf}
}

@misc{AnholtNationBrandsIndex2018,
    title = {{Germany Retains Top “Nation Brand” Ranking, U.S. Out of Top Five Again}},
    year = {2018},
    author = {{Anholt Nation Brands Index}},
    url = {https://www.ipsos.com/sites/default/files/ct/news/documents/2018-10/nation-brands-index-2018-pr-2018-10-24-v2.pdf}
}

@misc{DeutscherBundestag2017,
    title = {{Gesetz zur Verbesserung des Onlinezugangs zu Verwaltungsleistungen (Onlinezugangsgesetz - OZG)}},
    year = {2017},
    author = {{Deutscher Bundestag}},
    url = {https://www.gesetze-im-internet.de/ozg/OZG.pdf}
}

@article{Kidd2000,
    title = {{Getting the focus and the group: Enhancing analytical rigor in focus group research}},
    year = {2000},
    journal = {Qualitative Health Research},
    author = {Kidd, Pamela S. and Parshall, Mark B.},
    doi = {10.1177/104973200129118453},
    issn = {10497323}
}

@book{NationalAssociationofCityTransportationOfficials2016,
    title = {{Global Street Design Guide}},
    year = {2016},
    booktitle = {New Forests},
    author = {{National Association of City Transportation Officials}},
    isbn = {1895535336}
}

@misc{UNGoal10,
    title = {{GOAL 10 TARGETS}},
    year = {2018},
    author = {{United Nations Development Programme}},
    url = {http://www.undp.org/content/undp/en/home/sustainable-development-goals/goal-10-reduced-inequalities/targets.html}
}

@misc{CabinetOffice2017,
    title = {{Government Transformation Strategy}},
    year = {2017},
    author = {{Cabinet Office of the United Kingdom}},
    url = {https://www.gov.uk/government/publications/government-transformation-strategy-2017-to-2020/government-transformation-strategy}
}

@book{Thomson1978,
    title = {{Great cities and their traffic}},
    year = {1978},
    booktitle = {Peregrine books},
    author = {Thomson, John Michael},
    keywords = {Urban transportation Planning.}
}

@article{Adams2012,
    title = {{Has the British Public Depolarized Along With Political Elites? An American Perspective on British Public Opinion}},
    year = {2012},
    journal = {Comparative Political Studies},
    author = {Adams, James and Green, Jane and Milazzo, Caitlin},
    doi = {10.1177/0010414011421764},
    issn = {00104140},
    pmid = {19705805},
    keywords = {Britain, depolarization, elections, polarization, public opinion, representation}
}

@article{Kristen2002,
    title = {{Hauptschule, realschule oder gymnasium? Ethnische unterschiede am ersten bildungs{\"{u}}bergang}},
    year = {2002},
    journal = {Kolner Zeitschrift fur Soziologie und Sozialpsychologie},
    author = {Kristen, Cornelia},
    issn = {00232653},
    keywords = {Achievement, Educational differences, Educational transition, Ethnic differentiation, Immigrants, School context}
}

@article{PharmaceuticalJournal2018,
    title = {{Health secretary says 5 million genomes will be sequenced in next five years}},
    year = {2018},
    author = {{The Pharmaceutical Journal}}
}

@misc{E-estonia2019,
    title = {{healthcare}},
    year = {2019},
    author = {{e-estonia}},
    url = {https://e-estonia.com/solutions/healthcare/}
}

@article{Management2005,
    title = {{Higher Education Management and Policy}},
    year = {2005},
    author = {Management, Institutional and Education, Higher},
    number = {2},
    volume = {17},
    url = {http://www.oecd-ilibrary.org/education/higher-education-management-and-policy_hemp-v17-3-en},
    isbn = {9789264035652},
    doi = {10.1787/hemp-v17-3-en},
    issn = {0014-2956}
}

@incollection{Caudron2014,
    title = {{How Digital Finally Became Important}},
    year = {2014},
    booktitle = {Digital Transformation: A Model to Master Digital Disruption},
    author = {Caudron, Jo and Van Peteghem, Dado}
}

@inproceedings{Graf2017,
    title = {{How Employer Interests and Investments Shape Advanced Skill Formation}},
    year = {2017},
    booktitle = {PS - Political Science and Politics},
    author = {Graf, Lukas and Powell, Justin J.W.},
    doi = {10.1017/S1049096516002936},
    issn = {15375935}
}

@book{thelen2004institutions,
    title = {{How institutions evolve: The political economy of skills in Germany, Britain, the United States, and Japan}},
    year = {2004},
    author = {Thelen, Kathleen},
    publisher = {Cambridge University Press}
}

@unpublished{Eggers2018,
    title = {{How nudge theory and design thinking can help your government IT project succeed}},
    year = {2018},
    author = {Eggers, William; and Murphy, Timothy},
    institution = {Deloitte Insights}
}

@inproceedings{Dittrich2005,
    title = {{How to make government agile to cope with organizational change}},
    year = {2005},
    booktitle = {IFIP Advances in Information and Communication Technology},
    author = {Dittrich, Yvonne and Pries-Heje, Jan and Hjort-Madsen, Kristian},
    isbn = {9780387255897},
    doi = {10.1007/0-387-25590-7{\_}21},
    issn = {18684238},
    keywords = {Agility, Design in use, Mergers, Organizational change, User empowerment, eGovernment}
}

@misc{RepublicofSingapore2019,
    title = {{Human Biomedical Research Act 2015}},
    year = {2019},
    author = {{Republic of Singapore}},
    url = {https://sso.agc.gov.sg/Act/HBRA2015}
}

@misc{RiigiTeataja2000,
    title = {{Human Genes Research Act}},
    year = {2000},
    author = {{Riigi Teataja}},
    url = {https://www.riigiteataja.ee/en/eli/531102013003/consolide}
}

@unpublished{Byrne2017,
    title = {{ICT Services and Their Prices:  What Do They Tell Us About Productivity and Technology?}},
    year = {2017},
    booktitle = {SSRN},
    author = {Byrne, David M. and Corrado, Carol A.},
    doi = {10.17016/FEDS.2017.015r1},
    issn = {19362854},
    keywords = {Cloud computing, Computer software and internet services, D24, E01, E22, High-performance computing, ICT services, Information and communications technology (ICT), L86, O41, O47, Price measurement, Prices, Productivity, Technology}
}

@incollection{Hempell2004,
    title = {{ICT, innovation and business performance in services: Evidence for Germany and the Netherlands}},
    year = {2004},
    booktitle = {The Economic Impact of ICT: Measurement, Evidence and Implications},
    author = {Hempell, Thomas and Van Leeuwen, George and Van Der Wiel, Henry},
    isbn = {9789264026780},
    doi = {10.1787/9789264026780-8-en},
    issn = {1556-5068}
}

@article{Michener2013,
    title = {{Identifying transparency}},
    year = {2013},
    journal = {Information Polity},
    author = {Michener, Greg and Bersch, Katherine},
    doi = {10.3233/IP-130299},
    issn = {15701255},
    keywords = {Transparency, information and communication technologies, public administration}
}

@techreport{ZEW2015,
    title = {{IKT-Report. Unternehmensbefragung zur Nutzung von Informations- und Kommunikationstechnologien [ICT Report. Company Survey on the Use of Information and Communication Technologies]}},
    year = {2015},
    author = {{ZEW}},
    institution = {Zentrum für Europäische Wirtschaftsforschung},
    address = {Mannheim}
}

@article{Verret2018,
    title = {{Implementing Agile Methodology: Challenges and Best Practices}},
    year = {2018},
    author = {Verret, J},
    number = {800},
    volume = {1277},
    url = {https://scholarsbank.uoregon.edu/xmlui/handle/1794/23442},
    keywords = {agile, best practices, challenges, deployment, methodologies}
}

@article{Corak2013a,
    title = {{Income Inequality, Equality of Opportunity, and Intergenerational Mobility}},
    year = {2013},
    journal = {Journal of Economic Perspectives},
    author = {Corak, Miles},
    isbn = {0895-3309},
    doi = {10.1257/jep.27.3.79},
    issn = {0895-3309},
    pmid = {9212281121},
    arxivId = {00368075}
}

@incollection{Bailey2011,
    title = {{Inequality in Postsecondary Education}},
    year = {2011},
    booktitle = {Whither Opportunity?: Rising Inequality, Schools, and Children's Life Chances},
    author = {Bailey, Martha J and Dynarski, Susan M},
    editor = {Duncan, Greg J. and Murnane, Richard J.},
    pages = {117--132},
    publisher = {Russell Sage Foundation},
    url = {http://www.jstor.org/stable/10.7758/9781610447515.11},
    isbn = {9780871543721}
}

@book{Turban2002,
    title = {{Information technology for management: transforming business in the digital economy}},
    year = {2002},
    author = {Turban, Efraim and McLean, Ephfraim R. and Wetherbe, James C.},
    edition = {3rd Ed.},
    publisher = {J. Wiley}
}

@article{Zhu2006,
    title = {{Innovation diffusion in global contexts: Determinants of post-adoption digital transformation of European companies}},
    year = {2006},
    journal = {European Journal of Information Systems},
    author = {Zhu, Kevin and Dong, Shutao and Xu, Sean Xin and Kraemer, Kenneth L.},
    isbn = {0960-085X U6 - ctx{\_}ver=Z39.88-2004{\&}ctx{\_}enc=info{\%}3Aofi{\%}2Fenc{\%}3AUTF-8{\&}rfr{\_}id=info:sid/summon.serialssolutions.com{\&}rft{\_}val{\_}fmt=info:ofi/fmt:kev:mtx:journal{\&}rft.genre=article{\&}rft.atitle=Innovation+diffusion+in+global+contexts{\%}3A+determinants+of+post-adoption+digital+transformation+of+European+companies{\&}rft.jtitle=European+Journal+of+Information+Systems{\&}rft.au=Zhu{\%}2C+Kevin{\&}rft.au=Kraemer{\%}2C+Kenneth+L{\&}rft.au=Xu{\%}2C+Sean+Xin{\&}rft.au=Dong{\%}2C+Shutao{\&}rft.date=2006-12-01{\&}rft.issn=0960-085X{\&}rft.volume=15{\&}rft.},
    doi = {10.1057/palgrave.ejis.3000650},
    issn = {0960085X},
    pmid = {218736616},
    arxivId = {z0022},
    keywords = {Adoption contexts, Cross-country study, Europe, Innovation characteristics, Performance impact, Technology diffusion, Usage}
}

@article{Tonurist2017,
    title = {{Innovation labs in the public sector: what they are and what they do ?}},
    year = {2017},
    journal = {Public Management Review},
    author = {Tõnurist, Piret and Kattel, Rainer and Lember, Veiko},
    number = {10},
    pages = {1455--1479},
    volume = {19},
    publisher = {Routledge},
    url = {https://doi.org/10.1080/14719037.2017.1287939},
    doi = {10.1080/14719037.2017.1287939},
    issn = {1471-9037},
    keywords = {Innovation labs, experimentation, organization theory, public sector}
}

@article{Agadi1979,
    title = {{INNOVATION TO SAVE LIVES AND TRAFFIC COLLEGE OF ENGINEERING AND TECHNOLOGY . “ Innovation to Save Lives and Traffic Controlling using Image Processing ”}},
    year = {1979},
    author = {Agadi, S R I Venkappa M},
    isbn = {9780511570742},
    doi = {10.1093/0198289286.003.0002},
    issn = {1098-6596},
    pmid = {25246403},
    arxivId = {arXiv:1011.1669v3}
}

@article{Walker2006,
    title = {{Innovation type and diffusion: An empirical analysis of local government}},
    year = {2006},
    journal = {Public Administration},
    author = {Walker, Richard M.},
    doi = {10.1111/j.1467-9299.2006.00004.x},
    issn = {00333298}
}

@misc{UniversityofTartu2019,
    title = {{Institute of Genomics Website}},
    year = {2019},
    author = {{University of Tartu}},
    url = {http://genomics.ut.ee/en/estonian-genome-centerabout-us/about-us}
}

@inproceedings{Hall2009b,
    title = {{Institutional change in varieties of capitalism}},
    year = {2009},
    booktitle = {Socio-Economic Review},
    author = {Hall, Peter A. and Thelen, Kathleen},
    isbn = {1475-1461},
    doi = {10.1093/ser/mwn020},
    issn = {14751461},
    pmid = {36437500},
    arxivId = {cond-mat.mtrl-sci/1311.3502},
    keywords = {Capitalism, Economic reform, Europe, Globalization, Institutional change, Institutions, Varieties of}
}

@article{Lehmbruch2001,
    title = {{Institutional embedding of market economies: the German model and its impact on Japan}},
    year = {2001},
    journal = {The origins of nonliberal capitalism: Germany and japan in comparison},
    author = {Lehmbruch, G},
    isbn = {9780801489839},
    doi = {10.13140/RG.2.1.3131.7606},
    keywords = {Corporate Networks, German, Japan}
}

@unpublished{Schaefer,
    title = {{Integrating Ethics Policy in Precision Genomics: Results and Recommendations}},
    author = {Schaefer, G. Owen}
}

@book{Schroder2013,
    title = {{Integrating Varieties of Capitalism and Welfare State Research}},
    year = {2013},
    author = {Schr{\"{o}}der, Martin},
    publisher = {Palgrave Macmillan},
    url = {http://link.springer.com/10.1057/9781137310309},
    address = {London},
    isbn = {978-1-349-45660-4},
    doi = {10.1057/9781137310309},
    issn = {0144-5596}
}

@article{Schroder2008,
    title = {{Integrating welfare and production typologies: How refinements of the varieties of capitalism approach call for a combination of welfare typologies}},
    year = {2008},
    journal = {Journal of Social Policy},
    author = {Schr{\"{o}}der, Martin},
    number = {1},
    pages = {19--43},
    volume = {38},
    isbn = {0047-2794},
    doi = {10.1017/S0047279408002535},
    issn = {00472794},
    pmid = {20687783}
}

@article{Docampo2007,
    title = {{International comparisons in higher education funding}},
    year = {2007},
    journal = {Higher Education in Europe},
    author = {Docampo, Domingo},
    number = {4},
    pages = {369--386},
    volume = {32},
    doi = {10.1080/03797720802066252},
    issn = {03797724}
}

@incollection{Streeck2005,
    title = {{Introduction: Institutional Change in Advanced Political Economies}},
    year = {2005},
    booktitle = {Beyond Continuity: Institutional Change in Advanced Political Economies},
    author = {Streeck, Wolfgang and Thelen, Kathleen Ann},
    isbn = {978-0-19-928045-2},
    doi = {10.1111/j.1467-8543.2009.00746.x},
    issn = {00071080},
    pmid = {4499032},
    arxivId = {1011.1669v3},
    keywords = {Capitalism Europe Case studies., Capitalism United States Case studies., Institutional economics Europe Case studies., Institutional economics United States Case studies, Organizational change Europe Case studies., Organizational change United States Case studies.}
}

@article{Ebbinghaus2001,
    title = {{Introduction: Studying varieties of welfare capitalism}},
    year = {2001},
    journal = {Comparing welfare capitalism},
    author = {Ebbinghaus, Bernhard and Manow, Philip},
    pages = {1--26},
    volume = {3},
    isbn = {0415255716}
}

@incollection{Duncan2011,
    title = {{Introduction: The American Dream, Then and Now}},
    year = {2011},
    booktitle = {Whither Opportunity? Rising Inequality, Schools, and Children’s Life Chances},
    author = {Duncan, Greg J. and Murnane, Richard J.},
    editor = {Duncan, Greg J. and Murnane, Richard J.},
    chapter = {1},
    publisher = {Russell Sage Foundation},
    address = {New York}
}

@incollection{Wren2013,
    title = {{Introduction: The Political Economy of Post-Industrial Societies}},
    year = {2013},
    booktitle = {The Political Economy of the Service Transition},
    author = {Wren, Anne},
    editor = {Wren, Anne},
    publisher = {Oxford University Press},
    address = {New York},
    isbn = {0199657297},
    doi = {10.1093/acprof},
    issn = {1537-5927}
}

@misc{Busemeyer2018b,
    title = {{Investing in Education in Europe: Attitudes, Politics and Policies (INVEDUC)}},
    year = {2018},
    author = {Busemeyer, Marius R. and Garritzmann, Julian L. and Neimanns, Erik and Nezi, Roula},
    publisher = {GESIS Data Archive},
    address = {Cologne},
    doi = {10.4232/1.13140}
}

@article{Busemeyer2018,
    title = {{Investing in education in Europe: Evidence from a new survey of public opinion}},
    year = {2018},
    journal = {Journal of European Social Policy},
    author = {Busemeyer, Marius R. and Garritzmann, Julian L. and Neimanns, Erik and Nezi, Roula},
    doi = {10.1177/0958928717700562},
    issn = {14617269},
    keywords = {Attitudes towards public spending, INVEDUC survey, education, financing of social spending, welfare state}
}

@article{Busemeyer2018a,
    title = {{Investing in education in Europe: Evidence from a new survey of public opinion}},
    year = {2018},
    journal = {Journal of European Social Policy},
    author = {Busemeyer, Marius R. and Garritzmann, Julian L. and Neimanns, Erik and Nezi, Roula},
    number = {1},
    pages = {34--54},
    volume = {28},
    doi = {10.1177/0958928717700562},
    issn = {14617269},
    keywords = {Attitudes towards public spending, INVEDUC survey, education, financing of social spending, welfare state}
}

@book{Fabritz2015,
    title = {{Investment in ICT: Determinants and Economic Implications}},
    year = {2015},
    author = {Fabritz, Nadine},
    publisher = {ifo Institut},
    institution = {Leibniz.Institut f{\"{u}}r Wirtschaftsforschung},
    address = {Munich}
}

@book{Autor2018,
    title = {{Is Automation Labor-Displacing? Productivity Growth, Employment, and the Labor Share}},
    year = {2018},
    author = {Autor, D. and Salomons, A.},
    publisher = {Brookings Papers on Economic},
    url = {http://www.nber.org/papers/w24871.pdf},
    doi = {10.3386/w24871}
}

@article{Nielsen2014,
    title = {{IT portfolio decision-making in local governments: Rationality, politics, intuition and coincidences}},
    year = {2014},
    journal = {Government Information Quarterly},
    author = {Nielsen, Jeppe Agger and Pedersen, Keld},
    doi = {10.1016/j.giq.2014.04.002},
    issn = {0740624X},
    keywords = {Case-study, Decision-making, E-government, IT portfolio management, Local government}
}

@article{Nielsen2014a,
    title = {{IT portfolio decision-making in local governments: Rationality, politics, intuition and coincidences}},
    year = {2014},
    journal = {Government Information Quarterly},
    author = {Nielsen, Jeppe Agger and Pedersen, Keld},
    doi = {10.1016/j.giq.2014.04.002},
    issn = {0740624X},
    keywords = {Case-study, Decision-making, E-government, IT portfolio management, Local government}
}

@incollection{Hughes2013,
    title = {{Iterative Development in a Nutshell}},
    year = {2013},
    booktitle = {Agile Data Warehousing Project Management},
    author = {Hughes, Ralph},
    doi = {10.1016/b978-0-12-396463-2.00002-8}
}

@techreport{Gottsche2018,
    title = {{Kinder mit Migrationshintergrund}},
    year = {2018},
    author = {G{\"{o}}ttsche, Florian},
    institution = {Bundeszentrale f{\"{u}}r Politische Bildung}
}

@incollection{Kouzis-Loukas2016,
    title = {{Learning Scrapy}},
    year = {2016},
    author = {Kouzis-Loukas, Dimitrios},
    publisher = {Packt Publishing Ltd}
}

@misc{Barter2019,
    title = {{Lecture on "Urban Transport Policy: A Global View"}},
    year = {2019},
    author = {Barter, Paul}
}

@techreport{MinisteriumfurSchuleundWeiterbildungdesLandesNordrhein-Westfalen2016,
    title = {{Lehrerbidlung in der Migrationsgesellschaft}},
    year = {2016},
    author = {{Ministry for Schools and Education of North-Rhine-Westphalia}},
    url = {https://www.ew.uni-hamburg.de/ueber-die-fakultaet/personen/gogolin/pdf-dokumente/lehrerbildung-in-der-integrationsgesellschaft-nrw.pdf}
}

@misc{Crew2019,
    title = {{Lili Milani banks Estonia's genomic potential}},
    year = {2019},
    booktitle = {Nature},
    author = {Crew, Bec},
    doi = {10.1038/d41586-019-01440-y},
    issn = {14764687},
    keywords = {Biotechnology, Diseases, Genomics, Personalized medicine}
}

@article{Grimmelikhuijsen2012,
    title = {{Linking transparency, knowledge and citizen trust in government: An experiment}},
    year = {2012},
    journal = {International Review of Administrative Sciences},
    author = {Grimmelikhuijsen, Stephan},
    doi = {10.1177/0020852311429667},
    issn = {00208523},
    keywords = {accountability, public sector reform, transparency, trust}
}

@article{Werner2019,
    title = {{Lockt die Deutschen zur BahnCard 100!}},
    year = {2019},
    journal = {WirtschaftsWoche},
    author = {Werner, Marcus},
    month = {9},
    url = {https://www.wiwo.de/unternehmen/dienstleister/werner-knallhart-lockt-die-deutschen-zur-bahncard-100/25049854.html}
}

@techreport{Neto2005,
    title = {{Look before you leap: The bumpy road to e-development}},
    year = {2005},
    author = {Neto, Isabel and Kenny, Charles and Janakiram, Subramaniam and Watt, Charles},
    institution = {The World Bank Group}
}

@misc{Faassen2006,
    title = {{lxml - XML and HTML with Python}},
    year = {2006},
    author = {Faassen, Martijn},
    url = {https://lxml.de/}
}

@article{Guha2014,
    title = {{Making e-government work: Adopting the network approach}},
    year = {2014},
    journal = {Government Information Quarterly},
    author = {Guha, Joydeep and Chakrabarti, Bhaskar},
    doi = {10.1016/j.giq.2013.11.008},
    issn = {0740624X},
    keywords = {E-Government failure, Multiple actors, Politics of network management, Process analysis, Resource dependency}
}

@misc{AgileManifesto2001,
    title = {{Manifesto for Agile Software Development}},
    year = {2001},
    author = {{Agile Manifesto}},
    url = {http://agilemanifesto.org/}
}

@article{Asmelash2014,
    title = {{Mass Media: The Construction of Ethnic Stereotypes}},
    year = {2014},
    journal = {Humanity in Action},
    author = {Asmelash, Sarah and Remmers, Jasmijn},
    url = {https://www.humanityinaction.org/knowledge_detail/mass-media-the-construction-of-ethnic-stereotypes/}
}

@article{Hunter2007,
    title = {{Matplotlib: A 2D graphics environment}},
    year = {2007},
    journal = {Computing in Science and Engineering},
    author = {Hunter, John D.},
    doi = {10.1109/MCSE.2007.55},
    issn = {15219615}
}

@article{Watanabe2018,
    title = {{Measuring GDP in the digital economy: Increasing dependence on uncaptured GDP}},
    year = {2018},
    journal = {Technological Forecasting and Social Change},
    author = {Watanabe, Chihiro and Naveed, Kashif and Tou, Yuji and Neittaanm{\"{a}}ki, Pekka},
    doi = {10.1016/j.techfore.2018.07.053},
    issn = {00401625},
    keywords = {Digital economy, Mismatch, Productivity decline, Uncaptured GDP, people's preference shift}
}

@incollection{Gomolla2000,
    title = {{Mechanismen institutionalisierter Diskriminierung in der Schule}},
    year = {2000},
    booktitle = {Migration, gesellschaftliche Differenzierung und Bildung},
    author = {Gomolla, Mechtild and Radtke, Frank-Olaf},
    doi = {10.1007/978-3-663-10799-6{\_}13}
}

@book{Flam2007,
    title = {{Migranten in Deutschland : Statistiken - Fakten - Diskurse}},
    year = {2007},
    booktitle = {Wissen und Studium, Sozialwissenschaften},
    author = {Flam, Helena},
    isbn = {3896696726},
    pmid = {12},
    keywords = {Arbeitsmarkt, Deutschland, Diskriminierung, Einwanderer, Kind, Schule}
}

@techreport{BundesministeriumdesInnern2019,
    title = {{Migrationsbericht der Bundesregierung 2016/2017}},
    year = {2019},
    author = {{Federal Ministry of the Interior}}
}

@article{Moogk2012,
    title = {{Minimum Viable Product and the Importance of Experimentation in Technology Startups}},
    year = {2012},
    journal = {Technology Innovation Management Review},
    author = {Moogk, Dobrila Rancic},
    issn = {1927-0321},
    keywords = {MVP, lean startup, minimum viable product}
}

@misc{EuropeanCommission2017a,
    title = {{Ministerial Declaration on eGovernment - the Tallinn Declaration}},
    year = {2017},
    author = {{European Commission}},
    url = {https://ec.europa.eu/digital-single-market/en/news/ministerial-declaration-egovernment-tallinn-declaration}
}

@article{SenateDepartmentforUrbanDevelopmentandtheEnvironmentoftheStateofBerlin2013,
    title = {{Mobility in the City: Berlin Traffic in Figures}},
    year = {2017},
    author = {{Senate Department for Urban Development and the Environment of the State of Berlin}},
    url = {https://www.berlin.de/senuvk/verkehr/politik_planung/zahlen_fakten/download/Mobility_en_komplett.pdf}
}

@misc{IntelligentTransport2019,
    title = {{Mobility-as-a-Service heads to Vienna as Whim launches}},
    year = {2019},
    author = {{Intelligent Transport}},
    url = {https://www.intelligenttransport.com/transport-news/91372/mobility-as-a-service-heads-to-vienna-as-whim-launches/}
}

@techreport{Graumann2017,
    title = {{Monitoring Report DIGITAL Economy 2017 - Compact}},
    year = {2017},
    author = {Graumann, Sabine and Bertschek, Irene and Weber, Tobias and Ebert, Martin and Weinzierl, Michael and Ohnemus, Jörg and Rammer, Christian and Niebel, Thomas and Schulte, Patrick and Bersch, Johannes},
    institution = {ZEW-Gutachten und Forschungsberichte, Federal Ministry for Economic Affairs and Energy (BMWi)},
    address = {Berlin}
}

@unpublished{Heeks2003,
    title = {{Most eGovernment-for-Development Projects Fail: How Can Risks be Reduced?}},
    year = {2003},
    booktitle = {iGovernment Working Paper Series},
    author = {Heeks, Richard},
    isbn = {9788578110796},
    doi = {10.1017/CBO9781107415324.004},
    issn = {1098-6596},
    pmid = {25246403},
    arxivId = {arXiv:1011.1669v3}
}

@article{Dierks2020,
    title = {{Mut und neues Mindset - Digitale Transformation und Partizipation}},
    year = {2020},
    journal = {Beh{\"{o}}rden Spiegel},
    author = {Dierks, Martina},
    month = {1},
    pages = {28}
}

@article{Taeihagh2017,
    title = {{Network-centric policy design}},
    year = {2017},
    journal = {Policy Sciences},
    author = {Taeihagh, Araz},
    doi = {10.1007/s11077-016-9270-0},
    issn = {15730891},
    keywords = {Computer-aided design, Decision support system, Networks, Policy design, Policy mixes, Policy packaging, Policy patching, Virtual environment, Visualization}
}

@misc{Dunleavy2006,
    title = {{New public management is dead - Long live digital-era governance}},
    year = {2006},
    booktitle = {Journal of Public Administration Research and Theory},
    author = {Dunleavy, Patrick and Margetts, Helen and Bastow, Simon and Tinkler, Jane},
    doi = {10.1093/jopart/mui057},
    issn = {10531858}
}

@misc{GenomicsEngland2019,
    title = {{NHS Genomic Medicine Centres}},
    year = {2019},
    author = {{Genomics England}},
    url = {https://www.genomicsengland.co.uk/about-genomics-england/the-100000-genomes-project/genomic-medicine-centres/}
}

@misc{Bodkin2018,
    title = {{NHS patients' genetic data targeted as foreign hackers attack high security MoD unit}},
    year = {2018},
    booktitle = {The Telegraph},
    author = {Bodkin, Henry},
    month = {12},
    url = {https://www.telegraph.co.uk/news/2018/12/05/nhs-storing-patients-genetic-data-high-security-army-base-due/}
}

@misc{author,
    title = {{No Title}}
}

@misc{authorb,
    title = {{No Title}}
}

@misc{authorc,
    title = {{No Title}}
}

@techreport{OECD2012,
    title = {{OECD Economic Surveys: United States}},
    year = {2012},
    author = {{OECD}},
    institution = {Organization for Economic Cooperation and Development}
}

@article{Jaeger1998,
    title = {{On Confirmatory versus Exploratory Research}},
    year = {1998},
    journal = {Herpetologica},
    author = {Jaeger, Robert G. and Halliday, Tim R.},
    keywords = {Confirmatory research, Experimentation, Exploratory research, Type I error, Type II error}
}

@misc{BundesministeriumdesInnerenfurBauundHeimat2017,
    title = {{Onlinezugangsgesetz (OZG)}},
    year = {2017},
    author = {{Bundesministerium des Inneren f{\"{u}}r Bau und Heimat}},
    url = {https://www.bmi.bund.de/DE/themen/moderne-verwaltung/verwaltungsmodernisierung/onlinezugangsgesetz/onlinezugangsgesetz-artikel.html}
}

@book{Harris1994,
    title = {{Organizational linkages: understanding the productivity paradox}},
    year = {1994},
    author = {Harris, Douglas H.},
    publisher = {National Academies Press},
    address = {Washington, D.C.}
}

@misc{GenomicsEngland2019a,
    title = {{Over 100,000 whole genome sequences now available for approved researchers}},
    year = {2019},
    author = {{Genomics England}},
    url = {https://www.genomicsengland.co.uk/100000-genomes-for-approved-researchers/}
}

@misc{Khalik2019,
    title = {{Parliament: Big rise in healthcare spending not sustainable, individuals must also try to stay healthy, says Gan Kim Yong}},
    year = {2019},
    booktitle = {The Straits Times},
    author = {Khalik, S.},
    month = {3}
}

@incollection{Bardach2005,
    title = {{Part I. The Eightfold Path}},
    year = {2005},
    booktitle = {A practical guide for policy analysis : the eightfold path to more effective problem solving},
    author = {Bardach, Eugene},
    keywords = {Decision making, Policy sciences, Problem solving}
}

@misc{SpiegelOnline2004,
    title = {{Parteienstreit um das richtige Schulsystem}},
    year = {2004},
    author = {{Spiegel Online}},
    month = {9},
    url = {https://www.spiegel.de/politik/deutschland/bildung-parteienstreit-um-das-richtige-schulsystem-a-318229.html}
}

@article{Lungu2013,
    title = {{Patterns on the vocational specificity of the higher educational programmes}},
    year = {2013},
    journal = {Procedia - Social and Behavioral Sciences},
    author = {Lungu, Eliza-olivia and Maria, Ana and Mihaela, Monica},
    number = {February},
    pages = {949--953},
    volume = {89},
    url = {http://dx.doi.org/10.1016/j.sbspro.2013.08.962},
    doi = {10.1016/j.sbspro.2013.08.962},
    issn = {18770428},
    keywords = {higher education graduates, multiple correspondance analysis}
}

@misc{Mohan2019,
    title = {{PDPC fines IHiS, SingHealth combined S{\$}1 million for data breach following cyberattack}},
    year = {2019},
    booktitle = {Channel News Asia},
    author = {Mohan, M.},
    month = {1},
    url = {https://www.channelnewsasia.com/news/singapore/ihis-singhealth-fined-1-million-data-breach-cyberattack-11124156}
}

@book{vandooren2015,
    title = {{Performance management in the public sector (2nd Edition)}},
    year = {2015},
    author = {Van Dooren, Wouter and Bouckaert, Geert and Halligan, John},
    publisher = {Routledge},
    isbn = {978-0-415-73810-1}
}

@article{Goldfinch2007,
    title = {{Pessimism, computer failure, and information systems development in the public sector}},
    year = {2007},
    journal = {Public Administration Review},
    author = {Goldfinch, Shaun},
    doi = {10.1111/j.1540-6210.2007.00778.x},
    issn = {00333352}
}

@article{Warren2000,
    title = {{Policy analysis: a systematic approach to supporting policymaking in the public sector}},
    year = {2000},
    journal = {Journal of Multi-Criteria Decision Analysis},
    author = {Warren, E Walker},
    isbn = {1099-1360},
    keywords = {decision-making, government, policies, policy analysis, systems analysis}
}

@book{Weimer2017,
    title = {{Policy analysis: Concepts and practice}},
    year = {2017},
    booktitle = {Policy Analysis: Concepts and Practice},
    author = {Weimer, David L. and Vining, Aidan R.},
    isbn = {9781315442112},
    doi = {10.4324/9781315442129},
    issn = {02768739}
}

@book{Whitbread2017a,
    title = {{Policy innovation New thinking . New skills . New tools .}},
    year = {2017},
    author = {Whitbread, Susan and Linnane, Katie and Davidson, Alistair},
    number = {November},
    isbn = {9781743233641}
}

@book{Whitbread2017,
    title = {{Policy innovation New thinking . New skills . New tools .}},
    year = {2017},
    author = {Whitbread, Susan and Linnane, Katie and Davidson, Alistair},
    number = {November},
    isbn = {9781743233641}
}

@incollection{Rhodes2009,
    title = {{Policy Network Analysis}},
    year = {2009},
    booktitle = {The Oxford Handbook of Public Policy},
    author = {Rhodes, R. A.W.},
    isbn = {9780191577413},
    doi = {10.1093/oxfordhb/9780199548453.003.0020},
    keywords = {Debates and challenges, Findings from case studies, Network analysis, New governance, Policy network analysis}
}

@misc{BehordenSpiegel2020,
    title = {{Positives Menschenbild – Basis f{\"{u}}r digitale Transformation}},
    year = {2020},
    author = {{Beh{\"{o}}rden Spiegel}},
    url = {https://www.behoerden-spiegel.de/2020/01/17/positives-menschenbild-basis-fuer-digitale-transformation/}
}

@misc{Thorsteinsdottir2019,
    title = {{Potential benefits of genomics}},
    year = {2019},
    booktitle = {Genomics Knowledge – World Health Organization},
    author = {Thorsteinsdottir, Halla and Daar, Abdallah S and Smith, Richard D and Singer, Peter A},
    url = {https://www.who.int/trade/distance_learning/gpgh/gpgh5/en/index3.html}
}

@misc{Moher2009,
    title = {{Preferred reporting items for systematic reviews and meta-analyses: The PRISMA statement}},
    year = {2009},
    booktitle = {PLoS Medicine},
    author = {Moher, David and Liberati, Alessandro and Tetzlaff, Jennifer and Altman, Douglas G. and Altman, Doug and Antes, Gerd and Atkins, David and Barbour, Virginia and Barrowman, Nick and Berlin, Jesse A. and Clark, Jocalyn and Clarke, Mike and Cook, Deborah and D'Amico, Roberto and Deeks, Jonathan J. and Devereaux, P. J. and Dickersin, Kay and Egger, Matthias and Ernst, Edzard and G{\o}tzsche, Peter C. and Grimshaw, Jeremy and Guyatt, Gordon and Higgins, Julian and Ioannidis, John P.A. and Kleijnen, Jos and Lang, Tom and Magrini, Nicola and McNamee, David and Moja, Lorenzo and Mulrow, Cynthia and Napoli, Maryann and Oxman, Andy and Pham, Bá and Rennie, Drummond and Sampson, Margaret and Schulz, Kenneth F. and Shekelle, Paul G. and Tovey, David and Tugwell, Peter},
    doi = {10.1371/journal.pmed.1000097},
    issn = {15491277},
    pmid = {19621072}
}

@misc{GenomicsEngland2019b,
    title = {{Privacy and Terms}},
    year = {2019},
    author = {{Genomics England}},
    url = {https://www.genomicsengland.co.uk/privacy-policy/}
}

@incollection{Bennett2008,
    title = {{Process Tracing: A Bayesian Perspective}},
    year = {2008},
    booktitle = {The Oxford Handbook of Political Methodology},
    author = {Bennett, Andrew},
    isbn = {9780191577307},
    doi = {10.1093/oxfordhb/9780199286546.003.0030},
    keywords = {1898 Fashoda crisis, Bayesian inference, Bayesian logic, Cold War, Degrees of Freedom, First World War, Process tracing}
}

@incollection{Beach2017,
    title = {{Process-Tracing Methods in Social Science}},
    year = {2017},
    booktitle = {Oxford Research Encyclopedia of Politics},
    author = {Beach, Derek and Beach, Derek},
    doi = {10.1093/acrefore/9780190228637.013.176}
}

@article{Bergeaud2016,
    title = {{Productivity Trends in Advanced Countries between 1890 and 2012}},
    year = {2016},
    journal = {Review of Income and Wealth},
    author = {Bergeaud, A. and Cette, G. and Lecat, R.},
    number = {3},
    pages = {420--444},
    volume = {62},
    doi = {10.1111/roiw.12185},
    issn = {14754991},
    keywords = {convergence, global history, productivity, technological change}
}

@article{Bergeaud2016a,
    title = {{Productivity Trends in Advanced Countries between 1890 and 2012}},
    year = {2016},
    journal = {Review of Income and Wealth},
    author = {Bergeaud, Antonin and Cette, Gilbert and Lecat, Rémy},
    doi = {10.1111/roiw.12185},
    issn = {14754991},
    keywords = {convergence, global history, productivity, technological change}
}

@article{Lappi2017,
    title = {{Project governance in public sector agile software projects}},
    year = {2017},
    journal = {International Journal of Managing Projects in Business},
    author = {Lappi, Teemu and Aaltonen, Kirsi},
    doi = {10.1108/IJMPB-04-2016-0031},
    issn = {17538386},
    keywords = {Agile, Agile project governance, ICT, Project governance, Public sector, Software projects}
}

@inproceedings{Romano2015,
    title = {{Project management using the scrum agile method: A case study within a small enterprise}},
    year = {2015},
    booktitle = {Proceedings - 12th International Conference on Information Technology: New Generations, ITNG 2015},
    author = {Romano, Breno Lisi and Da Silva, Alan Delgado},
    isbn = {9781479988273},
    doi = {10.1109/ITNG.2015.139},
    keywords = {Agile method, Project management, Scrum, Small enterprises}
}

@book{Mackenzie2017,
    title = {{Propaganda and Empire: The manipulation of British Public Opinion, 1880–1960}},
    year = {2017},
    author = {Mackenzie, John M.}
}

@article{Armstrong2011,
    title = {{Providing a clearer view: An examination of transparency on local government websites}},
    year = {2011},
    journal = {Government Information Quarterly},
    author = {Armstrong, Cory L.},
    doi = {10.1016/j.giq.2010.07.006},
    issn = {0740624X},
    keywords = {E-Government, Public records, Transparency}
}

@incollection{Bovens2007,
    title = {{Public Accountability}},
    year = {2007},
    booktitle = {The Oxford Hanbook of Public Management},
    author = {Bovens, Mark},
    editor = {Ferlie, Ewan; and Lynn Jr., Laurance E.; and Pollitt, Christopher},
    publisher = {Oxford University Press}
}

@article{Cepiku2010,
    title = {{Public administration reforms in transition countries: Albania and Romania between the weberian model and the new public management}},
    year = {2010},
    journal = {Transylvanian Review of Administrative Sciences},
    author = {Cepiku, Denita and Mititelu, Cristina},
    doi = {10.1039/c2cc32843g},
    issn = {18422845}
}

@techreport{Busemeyer2016,
    title = {{Public Opinion and the Acceptance and Feasibility of Educational Reforms}},
    year = {2016},
    booktitle = {EEENEE Analytical Report No. 28},
    author = {Busemeyer, Marius R. and Lergetporer, Philipp and Woessmann, Ludger},
    number = {28},
    isbn = {9789279619717},
    doi = {10.2766/028567}
}

@article{Busemeyer2017b,
    title = {{Public opinion on policy and budgetary trade-offs in European welfare states: evidence from a new comparative survey}},
    year = {2017},
    journal = {Journal of European Public Policy},
    author = {Busemeyer, Marius R. and Garritzmann, Julian L.},
    doi = {10.1080/13501763.2017.1298658},
    issn = {14664429},
    keywords = {Education policy, INVEDUC survey, policy trade-offs, public opinion, social investment, welfare state}
}

@book{VanRossum1995,
    title = {{Python Tutorial}},
    year = {1995},
    author = {Van Rossum, Guido and Drake Jr, Fred L},
    publisher = {Centrum voor Wiskunde en Informatica},
    address = {Amsterdam, The Netherlands}
}

@article{Baskarada2014,
    title = {{Qualitative Case Study Guidelines}},
    year = {2014},
    journal = {The Qualitative Report},
    author = {Ba{\v{s}}karada, Saša}
}

@incollection{Tutton2012,
    title = {{Race and Genomics}},
    year = {2012},
    booktitle = {Encyclopedia of Applied Ethics},
    author = {Tutton, R. and Bliss, C.},
    isbn = {9780123739322},
    doi = {10.1016/B978-0-12-373932-2.00431-2},
    keywords = {Ancestry testing, Biology, Biopolitics, Genomics, Health disparities, Pharmaceuticals, Science}
}

@article{Khalil2017,
    title = {{RCrawler: An R package for parallel web crawling and scraping}},
    year = {2017},
    journal = {SoftwareX},
    author = {Khalil, Salim and Fakir, Mohamed},
    doi = {10.1016/j.softx.2017.04.004},
    issn = {23527110},
    keywords = {Data collection, Parallel crawling, R package, Web crawler, Web mining, Web scraper}
}

@article{Busemeyer2010,
    title = {{Redistribution and the political economy of education : An Analysis of Individual Preferances in OECD coutries}},
    year = {2010},
    author = {Busemeyer, Marius R},
    pages = {1--31},
    volume = {22},
    keywords = {education, individual preferences, inequality, oecd countries, political economy}
}

@article{Dragos2007,
    title = {{Reforming Local Public Administration in Romania: Trends and Obstacles}},
    year = {2007},
    journal = {International Review of Administrative Sciences},
    author = {Dragoş, D.C. and Neamţu, B},
    number = {4},
    pages = {629--648},
    volume = {73}
}

@misc{EuropeanUnion2018,
    title = {{REGULATION (EU) 2018/1724 OF THE EUROPEAN PARLIAMENT AND OF THE COUNCIL of 2 October 2018 establishing a single digital gateway to provide access to information, to procedures and to assistance and problem-solving services and amending Regulation (EU)}},
    year = {2018},
    author = {{European Union}},
    publisher = {Official Journal of the European Union},
    url = {https://eur-lex.europa.eu/legal-content/EN/TXT/PDF/?uri=CELEX:32018R1724&from=EN}
}

@unpublished{MATHEWS2019,
    title = {{Religion, Morality and Conservatism in Singapore}},
    year = {2019},
    author = {Mathews, Mathew and Lim, Leonard and Selvarajan, Shanthini},
    series = {IPS Working Papers},
    institution = {Lee Kuan Yew School of Public Policy (LKYSPP) at the National University of Singapore}
}

@article{McDonnell2009,
    title = {{Repositioning Politics in Education's Circle of Knowledge}},
    year = {2009},
    journal = {Educational Researcher},
    author = {McDonnell, L. M.},
    doi = {10.3102/0013189X09342584},
    issn = {0013-189X}
}

@misc{Chua2019,
    title = {{Requirements of the Human Biomedical Research Act in Relation to Genomic Studies}},
    year = {2019},
    author = {Chua, Raymond},
    url = {https://www.ams.edu.sg/view-pdf.aspx?file=media%5C4930_fi_410.pdf&ofile=CCS+-+Genomic+Med+Symposium+V2+2019-05-09.pdf}
}

@misc{ResearchInnovationandEnterpriseSecretariat2016,
    title = {{Research Innovation Enterprise 2020 Plan: Winning the Future through Science and Technology}},
    year = {2016},
    author = {{Research Innovation and Enterprise Secretariat}},
    url = {https://www.nrf.gov.sg/docs/default-source/default-document-library/rie2020-publication-(final-web).pdf}
}

@incollection{Lewis2016,
    title = {{Research methods for business students}},
    year = {2016},
    booktitle = {Research methods for business students [electronic resource]},
    author = {Lewis, P and Saunders, M and Thornhill, A}
}

@article{Copeland2017,
    title = {{Rethinking Britain and the European Union: Politicians, the Media and Public Opinion Reconsidered}},
    year = {2017},
    journal = {Journal of Common Market Studies},
    author = {Copeland, Paul and Copsey, Nathaniel},
    doi = {10.1111/jcms.12527},
    issn = {14685965},
    keywords = {The UK and the EU, euroscepticism, role of the media in politics}
}

@misc{Collins2009,
    title = {{Rethinking education in the age of technology: the digital revolution and schooling in America}},
    year = {2009},
    booktitle = {Distance Education},
    author = {Collins, Allan and Halverson, Richard},
    isbn = {0807750034},
    doi = {10.1111/j.1365-2729.2009.00339.x},
    issn = {02664909},
    pmid = {15703860},
    arxivId = {15828}
}

@misc{NationalResearchFoundationPrimeMinistersOfficeSingapore2018,
    title = {{RIE Ecosystem}},
    year = {2018},
    author = {{National Research Foundation Prime Minister's Office Singapore}},
    url = {https://www.nrf.gov.sg/about-nrf/rie-ecosystem}
}

@article{Caselli,
    title = {{Robot Arithmetic: New Technology And Wages}},
    year = {2019},
    journal = {American Economic Review: Insights},
    author = {Caselli, F. and Manning, A.},
    institution = {CFM, CEPR and London School of Economics},
    address = {London}
}

@misc{ASFINAG,
    title = {{S 1 Wiener Au{\ss}enring Schnellstra{\ss}e Neubau Spange Seestadt Aspern}},
    year = {2019},
    author = {{ASFINAG}},
    url = {https://www.asfinag.at/verkehrssicherheit/bauen/bauprojekte/s-1-wiener-aussenring-schnellstrasse-neubau-seestadt-aspern/}
}

@article{Heckman2013,
    title = {{Sample selection bias as a specification error}},
    year = {1979},
    journal = {Econometrica},
    author = {Heckman, James J.},
    doi = {10.2307/1912352},
    issn = {24106445}
}

@incollection{Moniz2006,
    title = {{Scenario-buidling methods as a tool for policy analysis}},
    year = {2006},
    booktitle = {Innovative Comparative Methods for Policy Analysis: Beyond the Quantitative-Qualitative Divide},
    author = {Moniz, A. B.},
    editor = {Grimm, B. R.},
    pages = {185--209},
    publisher = {Springer Science+Business Media, Inc.},
    address = {New York}
}

@incollection{Perez-Soba2015,
    title = {{Scenarios: Tools for coping with complexity and future uncertainty?}},
    year = {2015},
    booktitle = {The Tools of Policy Formulation: Actors, Capacities, Venues and Effects},
    author = {P{\'{e}}rez-Soba, Marta and Maas, Rob},
    isbn = {9781783477043},
    doi = {10.4337/9781783477043.00014}
}

@unpublished{Siegert2008,
    title = {{Schulische Bildung von Migranten in Deutschland}},
    year = {2008},
    author = {Siegert, Manuel},
    series = {Integrationsreport},
    institution = {Bundesamt für Migration und Flüchtlinge}
}

@misc{CentreforBiomedicalEthics2019,
    title = {{Science, Health and Policy-relevant Ethics in Singapore (SHAPES)}},
    year = {2019},
    author = {{Centre for Biomedical Ethics}},
    url = {https://cbme.nus.edu.sg/research/science-health-and-policy-relevant-ethics-singapore-shapes}
}

@misc{Scrapy2018,
    title = {{Scrapy 1.8 Documentation}},
    year = {2018},
    author = {{Scrapy}},
    url = {https://docs.scrapy.org/en/latest/index.html}
}

@article{Chase2016,
    title = {{Self-Driving Cars Will Improve Our Cities. If They Don’t Ruin Them.}},
    year = {2016},
    journal = {Wired},
    author = {Chase, Robin},
    month = {10},
    url = {https://www.wired.com/2016/08/self-driving-cars-will-improve-our-cities-if-they-dont-ruin-them/}
}

@misc{SenatsverwaltungfurStadtentwicklungundWohnen2019,
    title = {{Senat bringt Mietendeckel auf den Weg}},
    year = {2019},
    author = {{Senatsverwaltung f{\"{u}}r Stadtentwicklung und Wohnen}},
    institution = {https://www.stadtentwicklung.berlin.de/aktuell/pressebox/archiv{\_}volltext.shtml?arch{\_}1910/nachricht6802.html}
}

@techreport{NationalMedicalResearchCouncilSingapore2017,
    title = {{Shaping the Future of Healthcare through Research}},
    year = {2017},
    author = {{National Medical Research Council Singapore}}
}

@incollection{Wilmes2011,
    title = {{Sind die Kinder türkischer Einwanderer in anderen Ländern klüger als in Deutschland? Bildungsverläufe in Deutschland und im europäischen Vergleich: Ergebnisse der TIES-Studie}},
    year = {2011},
    booktitle = {Schule mit Migrationshintergrund},
    author = {Wilmes, Maren and Schneider, Jens and Crul, Maurice},
    editor = {Neumann, Ursula and Schneider, Jens},
    pages = {30--47}
}

@misc{Jye2019,
    title = {{Singapore 2018 healthcare cost inflation hits 10{\%}, 10 times the economic inflation rate: Mercer report}},
    year = {2019},
    booktitle = {Business Times},
    author = {Jye, N. R.},
    month = {6},
    url = {https://www.businesstimes.com.sg/government-economy/singapore-2018-healthcare-cost-inflation-hits-10-10-times-the-economic-inflation}
}

@misc{Bhattacharya2019,
    title = {{Singapore launches new healthcare programmes as population ages}},
    year = {2019},
    booktitle = {GovInsider},
    author = {Bhattacharya, Apala},
    url = {https://govinsider.asia/inclusive-gov/singapore-launches-new-healthcare-programmes-as-population-ages/}
}

@misc{Gho2019,
    title = {{Singapore researchers create world's largest Asian genetic databank}},
    year = {2019},
    booktitle = {The Straits Times},
    author = {Gho, T.},
    month = {10},
    url = {https://www.straitstimes.com/singapore/health/singapore-researchers-create-worlds-largest-asian-genetic-databank-could-help}
}

@misc{TheStraitsTimes2019,
    title = {{Singaporeans' trust up in Government and media: Survey}},
    year = {2019},
    author = {{The Straits Times}},
    month = {3},
    url = {https://www.straitstimes.com/singapore/singaporeans-trust-up-in-govt-media-survey}
}

@misc{Kamil2017,
    title = {{Singapore’s 'demographic time bomb' explained, in 5 charts}},
    year = {2017},
    booktitle = {Today Singapore},
    author = {Kamil, A.},
    month = {12}
}

@article{Andriole2018,
    title = {{Skills and Competencies for Digital Transformation}},
    year = {2018},
    journal = {IT Professional},
    author = {Andriole, Stephen J.},
    number = {6},
    volume = {20},
    doi = {10.1109/MITP.2018.2876926},
    issn = {1941045X}
}

@techreport{CityofVienna2016a,
    title = {{Smart City Wien Framework Strategy}},
    year = {2016},
    author = {{City of Vienna}},
    url = {https://smartcity.wien.gv.at/site/files/2019/07/Smart-City-Wien-Framework-Strategy_2014-resolution.pdf}
}

@book{Esping-Andersen1999,
    title = {{Social foundations of postindustrial economies}},
    year = {1999},
    author = {Esping-Andersen, Gøsta},
    publisher = {Oxford University Press},
    address = {Oxford}
}

@article{EstevezAbe2001,
    title = {{Social Protection and the Formation of Skills: A Reinterpretation of the Welfare State}},
    year = {2001},
    journal = {Varieties of Capitalism},
    author = {Estevez‐Abe, Margarita and Iversen, Torben and Soskice, David},
    pages = {145--183},
    url = {http://www.oxfordscholarship.com/view/10.1093/0199247757.001.0001/acprof-9780199247752-chapter-4},
    isbn = {9780199247752},
    doi = {10.1093/0199247757.003.0004},
    issn = {0032-3292},
    pmid = {25246403},
    arxivId = {arXiv:1011.1669v3}
}

@article{Coleman2017,
    title = {{Social Theory , Social Research , and a Theory of Action Author ( s ): James S . Coleman Source : American Journal of Sociology , Vol . 91 , No . 6 ( May , 1986 ), pp . 1309-1335 Published by : The University of Chicago Press Stable URL : http://www.jstor}},
    year = {2017},
    author = {Coleman, James S},
    number = {6},
    pages = {1309--1335},
    volume = {91}
}

@article{Connors1992,
    title = {{Software development methodologies and traditional and modern information systems}},
    year = {1992},
    journal = {ACM SIGSOFT Software Engineering Notes},
    author = {Connors, Danny T.},
    number = {2},
    pages = {43--49},
    volume = {17},
    doi = {10.1145/130840.130843},
    issn = {01635948}
}

@misc{InsuranceInstituteforHighwaySafetyHighwayLossDataInstitute2019,
    title = {{Some protected bike lanes leave cyclists vulnerable to injury}},
    year = {2019},
    author = {{Insurance Institute for Highway Safety; Highway Loss Data Institute}},
    url = {https://www.iihs.org/news/detail/some-protected-bike-lanes-leave-cyclists-vulnerable-to-injury}
}

@techreport{DerPolizeiprasidentinBerlin2018,
    title = {{Sonderuntersuchung "Radfahrerverkehrsunf{\"{a}}lle" in Berlin 2018}},
    year = {2018},
    author = {{Der Polizeipr{\"{a}}sident in Berlin}}
}

@unpublished{spacy2,
    title = {{SpaCy 2: Natural language understanding with Bloom embeddings, convolutional neural networks and incremental parsing}},
    year = {2017},
    author = {Honnibal, Matthew and Montani, Ines}
}

@book{Jurafsky2019,
    title = {{Speech and Language Processing: An Introduction to Natural Language Processing, Computational Linguistics, and Speech Recognition}},
    year = {2019},
    author = {Jurafsky, Daniel and Martin, James H.},
    edition = {(3rd ed. d},
    url = {https://web.stanford.edu/~jurafsky/slp3/}
}

@misc{YONG2019,
    title = {{Speech By Mr Gan Kim Yong, Minister For Health, at the Ministry of Health Committee of Supply Debate 2019, on Wednesday 6 March 2019}},
    year = {2019},
    booktitle = {Ministry of Health Singapore},
    author = {Yong, Gan Kim},
    url = {https://www.moh.gov.sg/news-highlights/details/peech-by-mr-gan-kim-yong-minister-for-health-at-the-ministry-of-health-committee-of-supply-debate-2019}
}

@article{Hoelscher2012,
    title = {{Spielarten des Kapitalismus und Kompetenzen von Hochschulabsolventinnen und -absolventen : Eine komparative empirische Analyse}},
    year = {2012},
    journal = {K{\"{o}}lner Zeitschrift f{\"{u}}r Soziologie und Sozialpsychologie},
    author = {Hoelscher, Michael},
    number = {3},
    pages = {479--505},
    volume = {64},
    isbn = {9435490522},
    doi = {10.1007/s11577-012-0177-2},
    issn = {00232653},
    keywords = {Germany, Higher education, International comparison, Skills and competencies, United Kingdom, Varieties of Capitalism}
}

@techreport{CityofVienna2016,
    title = {{Statistics on Vienna’s districts: Land area, population, politics.}},
    year = {2016},
    author = {{City of Vienna}},
    institution = {Statistik Wien},
    address = {Vienna, Austria}
}

@article{StadtentwicklungWien2014,
    title = {{STEP 2025 - Urban Development Plan Vienna}},
    year = {2014},
    author = {{Urban Development Vienna}},
    url = {https://www.wien.gv.at/stadtentwicklung/studien/pdf/b008379b.pdf}
}

@techreport{StadtentwicklungWien2014a,
    title = {{STEP 2025 - Urban Mobility Plan Vienna}},
    year = {2014},
    author = {{Urban Development Vienna}},
    url = {https://www.wien.gv.at/stadtentwicklung/studien/pdf/b008443.pdf}
}

@article{Elkadi2013,
    title = {{Success and failure factors for e-government projects: A case from Egypt}},
    year = {2013},
    journal = {Egyptian Informatics Journal},
    author = {Elkadi, Hatem},
    doi = {10.1016/j.eij.2013.06.002},
    issn = {11108665},
    keywords = {Developing countries, E-government, Evaluation models, Success and failure factors}
}

@book{Grunig2013,
    title = {{Successful decision-making: A systematic approach to complex problems}},
    year = {2013},
    booktitle = {Successful Decision-Making: A Systematic Approach to Complex Problems},
    author = {Gr{\"{u}}nig, Rudolf and K{\"{u}}hn, Richard},
    isbn = {9783642323072},
    doi = {10.1007/978-3-642-32307-2}
}

@misc{Auffray2009,
    title = {{Systems medicine: The future of medical genomics and healthcare}},
    year = {2009},
    booktitle = {Genome Medicine},
    author = {Auffray, Charles and Chen, Zhu and Hood, Leroy},
    doi = {10.1186/gm2},
    issn = {1756994X}
}

@techreport{EuropeanCommission2017,
    title = {{Tallinn Declaration on eGovernment}},
    year = {2017},
    author = {{European Commission}},
    url = {http://ec.europa.eu/newsroom/document.cfm?doc_id=47559}
}

@article{Lember2018,
    title = {{Technological capacity in the public sector: the case of Estonia}},
    year = {2018},
    journal = {International Review of Administrative Sciences},
    author = {Lember, Veiko and Kattel, Rainer and Tõnurist, Piret},
    doi = {10.1177/0020852317735164}
}

@misc{ChiefScientistforGenomicsEngland2017,
    title = {{The 100,000 Genomes Project Protocol}},
    year = {2017},
    author = {{Chief Scientist for Genomics England}},
    url = {https://www.genomicsengland.co.uk/wp-content/uploads/2017/03/GenomicEnglandProtocol_151117-v4-Wales.pdf}
}

@misc{EuropeanCommission2019,
    title = {{The Community of Practice for better self- and co-regulation}},
    year = {2019},
    author = {{European Commission}}
}

@misc{NationalHumanGenomeResearchInstituteNHGRI2017,
    title = {{The Cost of Sequencing a Human Genome}},
    year = {2017},
    booktitle = {National Human Genome Research Institute (NHGRI)},
    author = {{National Human Genome Research Institute (NHGRI)}}
}

@book{Buchanan2017,
    title = {{The cybersecurity dilemma: Hacking, trust, and fear between nations}},
    year = {2017},
    booktitle = {The Cybersecurity Dilemma: Hacking, Trust, and Fear between Nations},
    author = {Buchanan, Ben},
    isbn = {9780190665012},
    doi = {10.1093/acprof:oso/9780190665012.001.0001},
    keywords = {Counterintelligence, Cyber attacks, Cyber operations, Cybersecurity, Cybersecurity dilemma, Hacking, International security, Security dilemma, Snowden}
}

@article{Grimmelikhuijsen2013,
    title = {{The effect of transparency on trust in government: A cross-national comparative experiment}},
    year = {2013},
    journal = {Public Administration Review},
    author = {Grimmelikhuijsen, Stephan and Porumbescu, Gregory and Hong, Boram and Im, Tobin},
    doi = {10.1111/puar.12047},
    issn = {00333352}
}

@incollection{VanDooren2010,
    title = {{The effects of using Performance information}},
    year = {2015},
    booktitle = {Performance Management in the Public Sector},
    author = {Van Dooren, Wouter and Bouckaert, Geert and Halligan, John},
    isbn = {1134197012},
    doi = {10.13140/2.1.2299.9682}
}

@misc{Metspalu2004,
    title = {{The Estonian Genome Project}},
    year = {2004},
    booktitle = {Drug Development Research},
    author = {Metspalu, Andres},
    doi = {10.1002/ddr.10371},
    issn = {02724391},
    keywords = {Biobank, Health records, Population genetics}
}

@article{Wong2016,
    title = {{The fading American dream}},
    year = {2016},
    journal = {Stanford - Institute for Economic Policy Research (SIEPR)},
    author = {Wong, May},
    url = {https://siepr.stanford.edu/news/fading-american-dream}
}

@article{Dada2006,
    title = {{The Failure of E-Government in Developing Countries: A Literature Review}},
    year = {2006},
    journal = {The Electronic Journal of Information Systems in Developing Countries},
    author = {Dada, Danish},
    doi = {10.1002/j.1681-4835.2006.tb00176.x},
    issn = {1681-4835}
}

@misc{Cunnington2017,
    title = {{The future of digital government}},
    year = {2017},
    booktitle = {GOV.UK},
    author = {Cunnington, Kevin},
    url = {https://civilservice.blog.gov.uk/2017/02/09/the-future-of-digital-government/}
}

@book{Schmidt2002,
    title = {{The Futures of European Capitalism}},
    year = {2002},
    author = {Schmidt, Vivien A.},
    publisher = {Oxford University Press},
    address = {Oxford}
}

@unpublished{Elstner2018,
    title = {{The German Productivity Paradox – Facts and Explanations}},
    year = {2018},
    author = {Elstner, Steffen and Feld, Lars P. and Schmidt, Christoph M.},
    series = {CESifo Working Papers},
    institution = {Munich Society for the Promotion of Economic Research ‐ CESifo GmbH}
}

@misc{GenomeInstituteofSingapore2019,
    title = {{The GIS Story}},
    year = {2019},
    author = {{Genome Institute of Singapore}},
    url = {https://www.a-star.edu.sg/gis/About-Us/GIS-Story}
}

@inproceedings{Schafer2013,
    title = {{The Good, the Bad, and the Hazy: Design Decisions in Web Corpus Construction}},
    year = {2013},
    booktitle = {Proceedings of the 8th Web as Corpus Workshop (WAC-8) @ Corpus Linguistics 2013},
    author = {Sch{\"{a}}fer, Roland and Barbaresi, Adrien and Bildhauer, Felix}
}

@article{Shoup1997,
    title = {{The high cost of free parking}},
    year = {1997},
    journal = {Journal of Planning Education and Research},
    author = {Shoup, Donald C.},
    doi = {10.1177/0739456X9701700102},
    issn = {0739456X}
}

@book{Graf2015,
    title = {{The hybridization of vocational training and higher education in Austria, Germany, and Switzerland}},
    year = {2015},
    booktitle = {Journal of Vocational Education {\&} Training},
    author = {Graf, Lukas},
    isbn = {9783863880439},
    doi = {10.1080/13636820.2015.1107749},
    issn = {17475090},
    keywords = {Higher education, Switzerland, VET}
}

@article{Pilat2005,
    title = {{The ICT Productivity Paradox}},
    year = {2005},
    journal = {OECD Economic Studies},
    author = {Pilat, Dirk},
    isbn = {0255-0822},
    doi = {10.1787/eco{\_}studies-v2004-art3-en},
    issn = {0255-0822},
    pmid = {21147023}
}

@article{Wyckoff1995,
    title = {{The impact of computer prices on international comparisons of labour productivity}},
    year = {1995},
    journal = {Economics of Innovation and New Technology},
    author = {Wyckoff, Andrew W.},
    doi = {10.1080/10438599500000007},
    issn = {14768364},
    keywords = {Hedonic price indexes, labour productivity, office {\&} computer equipment}
}

@article{Mattick2014,
    title = {{The impact of genomics on the future of medicine and health}},
    year = {2014},
    journal = {Medical Journal of Australia},
    author = {Mattick, John S. and Dziadek, Marie A. and Terrill, Bronwyn N. and Kaplan, Warren and Spigelman, Allan D. and Bowling, Frank G. and Dinger, Marcel E.},
    doi = {10.5694/mja13.10920},
    issn = {13265377}
}

@article{Yorukoglu1998,
    title = {{The Information Technology Productivity Paradox}},
    year = {1998},
    journal = {Review of Economic Dynamics},
    author = {Yorukoglu, Mehmet},
    isbn = {00010782},
    doi = {10.1006/redy.1998.0016},
    issn = {10942025},
    pmid = {12616958},
    arxivId = {1512.08546}
}

@unpublished{Pfeiffer2015,
    title = {{The Labouring Capacity Index: Living Labouring Capacity and Experience as Resources on the Road to Industry 4.0}},
    year = {2015},
    author = {Pfeiffer, S. and Suphan, A.},
    series = {Working Paper 2015},
    institution = {University of Hohenheim}
}

@article{Fridman2016,
    title = {{The Massive Downside of Agile Software Development}},
    year = {2016},
    journal = {Inc.},
    author = {Fridman, Adam}
}

@misc{SmarCityWien2014,
    title = {{The Mobility Platform of the Future}},
    year = {2014},
    author = {{Smar City Wien}},
    url = {https://smartcity.wien.gv.at/site/en/smile-2/}
}

@article{TakeuchiI1986,
    title = {{The New New Product Development Game}},
    year = {1986},
    journal = {Harvard Business Review},
    author = {Takeuchi, Hirotaka and Nonaka, Ikujiro},
    month = {1}
}

@article{Sandu2018,
    title = {{The nexus of motivation–experience in the migration process of young Romanians}},
    year = {2018},
    journal = {Population, Space and Place},
    author = {Sandu, Dumitru and Toth, Georgiana and Tudor, Elena},
    number = {1},
    pages = {1--23},
    volume = {24},
    doi = {10.1002/psp.2114},
    issn = {15448452},
    keywords = {migration experience, migration intentions, migration motivation, return migration, young Romanians}
}

@misc{LeGrand2007,
    title = {{The other invisible hand: Delivering public services through choice and competition.}},
    year = {2007},
    booktitle = {The other invisible hand: Delivering public services through choice and competition.},
    author = {Le Grand, Julian},
    isbn = {978-0-691-12936-5 (Paperback)},
    doi = {10.1111/j.1467-8500.2008.00584.x},
    keywords = {*Competition, *Education, *Government Policy Making, *Health Care Services, *Quality of Services, Educational Quality, Government, Quality of Care, Social Services}
}

@article{Mokyr2018,
    title = {{The past and the future of innovation: Some lessons from economic history}},
    year = {2018},
    journal = {Explorations in Economic History},
    author = {Mokyr, Joel},
    isbn = {0313256047},
    doi = {10.1016/j.eeh.2018.03.003},
    issn = {10902457}
}

@unpublished{Schick2003,
    title = {{The Performing State: Reflection on an Idea whose Time has come but whose Implementation has not}},
    year = {2003},
    author = {Schick, Alan},
    number = {June},
    pages = {1--36},
    series = {Background Paper for the 24th Annual Meeting of OECD Puma/SBO},
    institution = {OECD},
    doi = {10.1016/j.jaci.2011.12.984},
    issn = {0091-6749}
}

@article{Mudde2004,
    title = {{The Populist Zeitgeist}},
    year = {2004},
    journal = {Government and Opposition},
    author = {Mudde, Cas},
    doi = {10.1111/j.1477-7053.2004.00135.x},
    issn = {0017-257X}
}

@misc{Brynjolfsson1993,
    title = {{The Productivity Paradox of Information Technology: Review and Assessment}},
    year = {1993},
    booktitle = {Communications of the ACM},
    author = {Brynjolfsson, Erik},
    isbn = {00010782},
    doi = {10.1145/163298.163309},
    issn = {0001-0782},
    pmid = {12616958},
    arxivId = {1512.08546}
}

@article{VanArk2016,
    title = {{The Productivity Paradox of the New Digital Economy}},
    year = {2016},
    journal = {International Productivity Monitor},
    author = {van Ark, Bart},
    volume = {31}
}

@unpublished{Polak2014,
    title = {{The productivity paradox: A meta-analysis}},
    year = {2014},
    author = {Polák, Petr},
    series = {IES Working Paper},
    institution = {Charles University in Prague, Institute of Economic Studies (IES)},
    address = {Prague}
}

@article{Crafts2018,
    title = {{The productivity slowdown: is it the ‘new normal’?}},
    year = {2018},
    journal = {Oxford Review of Economic Policy},
    author = {Crafts, Nicholas},
    number = {3},
    pages = {443–460},
    volume = {34}
}

@article{Gren2015,
    title = {{The prospects of a quantitative measurement of agility: A validation study on an agile maturity model}},
    year = {2015},
    journal = {Journal of Systems and Software},
    author = {Gren, Lucas and Torkar, Richard and Feldt, Robert},
    doi = {10.1016/j.jss.2015.05.008},
    issn = {01641212},
    arxivId = {1904.02444},
    keywords = {Agility, Empirical study, Validation}
}

@unpublished{AcemogluD.2016,
    title = {{The Race Between Machine and Man: Implications of Technology for Growth, Factor Shares and Employment}},
    year = {2016},
    author = {Acemoglu, D. and Restrepo, P.},
    series = {NBER Working Paper Series},
    institution = {National Bureau of Economic Research}
}

@unpublished{Arntz2016,
    title = {{The risk of automation for jobs in OECD countries}},
    year = {2016},
    author = {Arntz, M. and Gregory, T. and Zierahn, U.},
    number = {189},
    series = {OECD Social, Employment and Migration Working Papers},
    url = {https://www.oecd-ilibrary.org/social-issues-migration-health/the-risk-of-automation-for-jobs-in-oecd-countries_5jlz9h56dvq7-en},
    institution = {OECD Publishing},
    address = {Paris},
    doi = {10.1787/5jlz9h56dvq7-en}
}

@article{Warner1969,
    title = {{The Sciences of the Artificial}},
    year = {1969},
    journal = {Journal of the Operational Research Society},
    author = {Warner, Bernard},
    doi = {10.1057/jors.1969.121},
    issn = {0160-5682}
}

@book{Simon1969,
    title = {{The Sciences of the Artificial}},
    year = {1969},
    booktitle = {Science},
    author = {Simon, Herbert A.},
    publisher = {M.I.T. Press},
    address = {Cambridge, Mass.},
    doi = {10.1126/science.165.3896.886-a},
    issn = {0036-8075}
}

@article{Worbs2003,
    title = {{The second generation in Germany: Between school and labor market}},
    year = {2003},
    journal = {International Migration Review},
    author = {Worbs, Susanne},
    doi = {10.1111/j.1747-7379.2003.tb00168.x},
    issn = {01979183}
}

@article{Rigby2016a,
    title = {{The Secret History of Agile Innovation}},
    year = {2016},
    journal = {Harvard Business Review},
    author = {Rigby, Darrell K and Sutherland, Jeff and Takeuchi, Hirotaka}
}

@article{Henriette2015,
    title = {{The Shape of Digital Transformation: A Systematic Literature Review}},
    year = {2015},
    journal = {Mediterranean Conference on Information Systems (MCIS) Proceedings},
    author = {Henriette, E. and Feki, M. and Boughzala, I.},
    keywords = {Business models, Digital transformation, Operational processes, User experience.}
}

@misc{EuropeanCommission2018a,
    title = {{The single digital gateway}},
    year = {2018},
    author = {{European Commission}},
    url = {https://ec.europa.eu/growth/single-market/single-digital-gateway_en}
}

@article{Triplett1999,
    title = {{The Solow Productivity Paradox: What do Computers do to Productivity?}},
    year = {1999},
    journal = {The Canadian Journal of Economics / Revue canadienne d'Economique},
    author = {Triplett, Jack E.},
    isbn = {0008-4085},
    doi = {10.2307/136425},
    issn = {00084085},
    pmid = {5059}
}

@book{Esping-Andersen1990,
    title = {{The Three Worlds of Welfare Capitalism.}},
    year = {1990},
    author = {Esping-Andersen, Gosta},
    publisher = {Princeton University Press},
    url = {http://www.jstor.org/stable/2073705?origin=crossref},
    address = {New Jersey},
    isbn = {9788578110796},
    doi = {10.2307/2073705},
    issn = {00943061},
    pmid = {25246403},
    arxivId = {arXiv:1011.1669v3}
}

@misc{HarvardHealthPublishing,
    title = {{The top 5 benefits of cycling}},
    year = {2016},
    booktitle = {Harvard Health Letter},
    author = {{Harvard Health Publishing}},
    url = {https://www.health.harvard.edu/staying-healthy/the-top-5-benefits-of-cycling}
}

@article{Shoup1999,
    title = {{The trouble with minimum parking requirements}},
    year = {1999},
    journal = {Transportation Research Part A: Policy and Practice},
    author = {Shoup, Donald C.},
    doi = {10.1016/S0965-8564(99)00007-5},
    issn = {09658564}
}

@article{Crul2003,
    title = {{The Turkish and Moroccan second generation in the Netherlands: Divergent trends between and polarization within the two groups}},
    year = {2003},
    journal = {International Migration Review},
    author = {Crul, Maurice and Doomernik, Jeroen},
    doi = {10.1111/j.1747-7379.2003.tb00169.x},
    issn = {01979183}
}

@unpublished{DepartmentofHealthandSocialCareEngland2019,
    title = {{The UK Strategy for Rare Diseases – 2019 update to the Implementation Plan for England}},
    year = {2019},
    author = {{Department of Health and Social Care England}},
    url = {https://assets.publishing.service.gov.uk/government/uploads/system/uploads/attachment_data/file/781472/2019-update-to-the-rare-diseases-implementation-plan-for-england.pdf}
}

@article{Gullupnar2012,
    title = {{The Unequal Structure of the German Education System: Structural Reasons for Educational Failures of Turkish Youth in Germany}},
    year = {2012},
    journal = {Spaces and Flows: An International Journal of Urban and ExtraUrban Studies},
    author = {G{\"{u}}ll{\"{u}}pınar, Fuat and Fern{\'{a}}ndez-Kelly, Patricia},
    number = {3},
    pages = {93--112},
    volume = {2}
}

@inproceedings{Barbaresi2019,
    title = {{The Vast and the Focused: On the need for thematic web and blog corpora}},
    year = {2019},
    booktitle = {Proceedings of the Workshop on Challenges in the Management of Large Corpora (CLMC-7) 2019},
    author = {Barbaresi, Adrien},
    pages = {29--32}
}

@article{Hega2002,
    title = {{The Welfare State and Education: A Comparison of Social and Educational Policy in Advanced Industrial Societies}},
    year = {2002},
    journal = {German Policy Studies},
    author = {Hega, Gunther M. and Hokenmaier, Karl G.},
    number = {1},
    pages = {143--173},
    volume = {2},
    isbn = {1047-1987},
    doi = {10.16953/deusbed.74839},
    issn = {15239764},
    pmid = {18605031},
    keywords = {education, institutionalism, welfare state}
}

@article{Riphahn2013,
    title = {{The welfare use of immigrants and natives in Germany: The case of Turkish immigrants}},
    year = {2013},
    journal = {International Journal of Manpower},
    author = {Riphahn, Regina T. and Sander, Monika and Wunder, Christoph},
    doi = {10.1108/01437721311319665},
    issn = {01437720},
    keywords = {Benefits, Germany, Immigration, Social assistance, Unemployment benefit}
}

@article{Easterlin2000,
    title = {{The Worldwide Standard of Living Since 1800}},
    year = {2000},
    journal = {Journal of Economic Perspectives},
    author = {Easterlin, Richard},
    pages = {7--26},
    volume = {14},
    doi = {10.1257/jep.14.1.7}
}

@article{Willemse2012,
    title = {{Three worlds of educational welfare states? A comparative study of higher education systems across welfare states}},
    year = {2012},
    journal = {Journal of European Social Policy},
    author = {Willemse, Nienke and de Beer, Paul},
    number = {2},
    pages = {105--117},
    volume = {22},
    isbn = {0958-9287},
    doi = {10.1177/0958928711433656},
    issn = {09589287},
    keywords = {decommodification, higher education, stratification, welfare state}
}

@article{Mehrtens2004,
    title = {{Three Worlds of Public Opinion?: Values, Variation, and the Effect on Social Policy}},
    year = {2004},
    journal = {International Journal of Public Opinion Research},
    author = {Mehrtens, F.J.},
    number = {2},
    pages = {115--143},
    volume = {16},
    url = {http://ijpor.oxfordjournals.org/content/16/2/115.short},
    doi = {10.1093/ijpor/16.2.115},
    issn = {1353-4505},
    keywords = {public opinion, social policy, values}
}

@article{Mehrtens2004a,
    title = {{Three Worlds of Public Opinion?: Values, Variation, and the Effect on Social Policy}},
    year = {2004},
    journal = {International Journal of Public Opinion Research},
    author = {Mehrtens, F.J.},
    number = {2},
    pages = {115--143},
    volume = {16},
    url = {http://ijpor.oxfordjournals.org/content/16/2/115.short},
    doi = {10.1093/ijpor/16.2.115},
    issn = {1353-4505},
    keywords = {public opinion, social policy, values}
}

@article{Shackleton2013,
    title = {{Total Factor Productivity Growth in Historical Perspective}},
    year = {2013},
    journal = {Congressional Budget Office, Working paper},
    author = {Shackleton, Robert}
}

@article{Boehmer2017,
    title = {{Towards Agile Product Development - The Role of Prototyping}},
    year = {2017},
    journal = {Proceedings of the International Conference on Engineering Design, ICED},
    author = {Boehmer, Annette and Hostettler, Rafael and Richter, Christoph and Lindemann, Udo and Conradt, Joerg and Knoll, Alois},
    issn = {22204342},
    keywords = {case study, decision making, early design phases, innovation, mechatronics}
}

@article{Tapscott2008,
    title = {{Transforming Government and Governance for the Twenty-First Century}},
    year = {2008},
    journal = {Learning},
    author = {Tapscott, Don and Williams, Anthony D and Herman, Dan},
    number = {November 2007},
    pages = {1--25},
    keywords = {government 2.0}
}

@article{Graf2018,
    title = {{Transnational skills development in post-industrial knowledge economies: the case of Luxembourg and the Greater Region}},
    year = {2018},
    journal = {Journal of Education and Work},
    author = {Graf, Lukas and Gardin, Matias},
    number = {1},
    pages = {1--15},
    volume = {31},
    doi = {10.1080/13639080.2017.1408954},
    issn = {14699435},
    keywords = {Education and skill formation, Luxembourg, transnationalisation, varieties of capitalism, welfare state}
}

@misc{Barter,
    title = {{Transport-based City Types and their Trajectories}},
    year = {2018},
    author = {Barter, Paul},
    url = {https://www.reinventingtransport.org/2018/10/city-transport-types.html}
}

@unpublished{Schuhrer2018,
    title = {{T{\"{u}}rkeist{\"{a}}mmige Personen in Deutschland}},
    year = {2018},
    author = {Sch{\"{u}}hrer, Susanne},
    institution = {Bundesamt f{\"{u}}r Migration und Fl{\"{u}}chtlinge}
}

@article{Paulin2015,
    title = {{Twenty Years After the Hype: Is e-Government doomed? Findings from Slovenia}},
    year = {2015},
    journal = {International Journal of Public Administration in the Digital Age},
    author = {Paulin, Alois},
    doi = {10.4018/ijpada.2015040101},
    issn = {2334-4520},
    keywords = {Legal certainty, State performance, e-government, e-government myths, e-government unsustainability}
}

@article{Rabesandratana2014,
    title = {{U.K.’s 100,000 Genomes Project gets {\pounds}300 million to finish the job by 2017}},
    year = {2014},
    journal = {Science},
    author = {Rabesandratana, T.},
    month = {8},
    url = {https://www.sciencemag.org/news/2014/08/uks-100000-genomes-project-gets-300-million-finish-job-2017}
}

@article{Vial2019,
    title = {{Understanding digital transformation: A review and a research agenda}},
    year = {2019},
    journal = {Journal of Strategic Information Systems},
    author = {Vial, Gregory},
    number = {2},
    pages = {118 – 144},
    volume = {28},
    doi = {10.1016/j.jsis.2019.01.003},
    issn = {09638687},
    keywords = {Digital innovation, Digital technologies, Digital transformation, IS strategy, Literature review, Organizational transformation}
}

@article{Collier2011,
    title = {{Understanding process tracing}},
    year = {2011},
    journal = {PS - Political Science and Politics},
    author = {Collier, David},
    doi = {10.1017/S1049096511001429},
    issn = {10490965}
}

@article{Donaldson2002,
    title = {{Understanding self-report bias in organizational behavior research}},
    year = {2002},
    journal = {Journal of Business and Psychology},
    author = {Donaldson, Stewart I. and Grant-Vallone, Elisa J.},
    doi = {10.1023/A:1019637632584},
    issn = {08893268},
    keywords = {Construct validity, Method bias, Organizational behavior research, Self-report bias}
}

@misc{McKinsey2018,
    title = {{Unlocking success in digital transformations}},
    year = {2018},
    booktitle = {Survey},
    author = {{McKinsey}},
    url = {https://www.mckinsey.com/business-functions/organization/our-insights/unlocking-success-in-digital-transformations}
}

@misc{WienerLinien2019,
    title = {{Unternehmensprofil - Die Wiener Linien sind die erste Adresse f{\"{u}}r Mobilit{\"{a}}t in der Millionenstadt Wien.}},
    year = {2019},
    author = {{Wiener Linien}},
    url = {https://www.wienerlinien.at/eportal3/ep/channelView.do/pageTypeId/66528/channelId/-47395}
}

@incollection{Wirdemann2017,
    title = {{User Stories}},
    year = {2017},
    booktitle = {Scrum mit User Stories},
    author = {Wirdemann, Ralf and Mainusch, Johannes and Wirdemann, Ralf and Mainusch, Johannes},
    doi = {10.3139/9783446450776.004}
}

@article{Beyer2010,
    title = {{User-Centered Agile Methods}},
    year = {2010},
    journal = {Synthesis Lectures on Human-Centered Informatics},
    author = {Beyer, Hugh},
    doi = {10.2200/s00286ed1v01y201002hci010},
    issn = {1946-7680}
}

@inproceedings{DaSilva2011,
    title = {{User-centered design and agile methods: A systematic review}},
    year = {2011},
    booktitle = {Proceedings - 2011 Agile Conference, Agile 2011},
    author = {Da Silva, Tiago Silva and Martin, Angela and Maurer, Frank and Silveira, Milene},
    isbn = {9780769543703},
    doi = {10.1109/AGILE.2011.24},
    keywords = {Agile methods, Integration, Systematic review, User-centered design}
}

@article{Ghosh2013,
    title = {{Using nighttime satellite imagery as a proxy measure of human well-being}},
    year = {2013},
    journal = {Sustainability (Switzerland)},
    author = {Ghosh, Tilottama and Anderson, Sharolyn J. and Elvidge, Christopher D. and Sutton, Paul C.},
    doi = {10.3390/su5124988},
    issn = {20711050},
    keywords = {Electrification rates, Gross Domestic Product, Human ecological footprint, Human well-being, Informal economy, Landscan population data, Night light development index (nldi), Nighttime lights imagery, Poverty rates}
}

@incollection{Ludeling2015,
    title = {{Using web data for linguistic purposes}},
    year = {2015},
    booktitle = {Corpus Linguistics and the Web},
    author = {L{\"{u}}deling, Anke and Evert, Stefan and Baroni, Marco},
    editor = {Hundt, M. and Nadja, N. and Biewe, C.},
    doi = {10.1163/9789401203791{\_}003}
}

@book{Hall2009,
    title = {{Varieties of capitalism and institutional complementarities in the political economy: An empirical analysis}},
    year = {2009},
    booktitle = {British Journal of Political Science},
    author = {Hall, Peter A. and Gingerich, Daniel W.},
    number = {3},
    pages = {449--482},
    volume = {39},
    isbn = {0007123409000},
    doi = {10.1017/S0007123409000672},
    issn = {00071234},
    pmid = {610156306}
}

@article{Hall2009a,
    title = {{Varieties of capitalism and institutional complementarities in the political economy: An empirical analysis}},
    year = {2009},
    journal = {British Journal of Political Science},
    author = {Hall, Peter A. and Gingerich, Daniel W.},
    number = {3},
    pages = {449--482},
    volume = {39},
    isbn = {0007123409000},
    doi = {10.1017/S0007123409000672},
    issn = {00071234},
    pmid = {610156306}
}

@article{Buehler2017,
    title = {{Vienna's path to sustainable transport}},
    year = {2017},
    journal = {International Journal of Sustainable Transportation},
    author = {Buehler, Ralph and Pucher, John and Altshuler, Alan},
    number = {4},
    pages = {257--271},
    volume = {11},
    publisher = {Taylor {\&} Francis},
    url = {http://dx.doi.org/10.1080/15568318.2016.1251997},
    doi = {10.1080/15568318.2016.1251997},
    issn = {15568334},
    keywords = {Car dependence, cycling, politics, public transport, sustainable transport, walking}
}

@techreport{Hinterkorner2014,
    title = {{Vienna, aspern Seestadt - Implementations Plan}},
    year = {2014},
    author = {Hinterkörner, Peter and Lang, Lukas and Collon, Heidi and Kintisch, Max and Mollay, Ursula and Schremmer, Christof},
    url = {http://www.transformyourcity.eu/resources/transmethod06/IP_aspern.pdf},
    institution = {Transform}
}

@article{Bosch2008,
    title = {{Vocational training and the labour market in liberal and coordinated economies}},
    year = {2008},
    author = {Bosch, Gerhard and Charest, Jean},
    pages = {428--447}
}

@techreport{GermanParliament2006,
    title = {{Vor- und Nachteile der Gesamtschule bzw. des dreigliedrigen Schulsystems}},
    year = {2006},
    author = {{German Parliament}},
    url = {https://www.bundestag.de/resource/blob/415418/fbae4a80b8f046f9f9ed7220225bb131/wd-8-231-06-pdf-data.pdf},
    institution = {Deutscher Bundestag}
}

@misc{TheGermanGovernment2019,
    title = {{Was tut die Bundesregierung f{\"{u}}r die Kinderbetreuung?}},
    year = {2019},
    author = {{The German Government}},
    url = {https://www.bundesregierung.de/breg-de/aktuelles/was-tut-die-bundesregierung-fuer-die-kinderbetreuung--1668526}
}

@incollection{Sherrell2013,
    title = {{Waterfall Model}},
    year = {2013},
    booktitle = {Encyclopedia of Sciences and Religions},
    author = {Sherrell, Linda},
    doi = {10.1007/978-1-4020-8265-8{\_}200285}
}

@article{Solow1987,
    title = {{We'd Better Watch Out}},
    year = {1987},
    journal = {New York Times Book Review},
    author = {Solow, Robert},
    pages = {36}
}

@article{Olston2010,
    title = {{Web crawling}},
    year = {2010},
    journal = {Foundations and Trends in Information Retrieval},
    author = {Olston, Christopher and Najork, Marc},
    doi = {10.1561/1500000017},
    issn = {15540669}
}

@article{Wang2019,
    title = {{Webpage Depth Viewability Prediction Using Deep Sequential Neural Networks}},
    year = {2019},
    journal = {IEEE Transactions on Knowledge and Data Engineering},
    author = {Wang, Chong and Zhao, Shuai and Kalra, Achir and Borcea, Cristian and Chen, Yi},
    doi = {10.1109/TKDE.2018.2839599},
    issn = {15582191},
    keywords = {Computational advertising, recurrent neural networks, sequential prediction, user behavior, viewability prediction}
}

@article{Paper2018,
    title = {{WEF{\_}Agile{\_}Governance{\_}Reimagining{\_}Policy-making{\_}4IR{\_}report}},
    year = {2018},
    author = {{World Economic Forum}},
    number = {January}
}

@article{West2013,
    title = {{Welfare regimes and education regimes: Equality of opportunity and expenditure in the EU (and US)}},
    year = {2013},
    journal = {Journal of Social Policy},
    author = {West, Anne and Nikolai, Rita},
    isbn = {1469-7823},
    doi = {10.1017/S0047279412001043},
    issn = {00472794}
}

@article{Brynjolfsson2017,
    title = {{What can machine learning do? Workforce implications}},
    year = {2017},
    journal = {Science},
    author = {Brynjolfsson, E. and Mitchell, T.},
    number = {6370},
    pages = {1530--1534},
    volume = {358}
}

@article{Veeramootoo2018,
    title = {{What determines success of an e-government service? Validation of an integrative model of e-filing continuance usage}},
    year = {2018},
    journal = {Government Information Quarterly},
    author = {Veeramootoo, Narvadha and Nunkoo, Robin and Dwivedi, Yogesh K.},
    number = {2},
    pages = {161--174},
    volume = {35},
    publisher = {Elsevier},
    url = {https://doi.org/10.1016/j.giq.2018.03.004},
    doi = {10.1016/j.giq.2018.03.004},
    issn = {0740624X},
    keywords = {Continuance usage, E-filing, E-government, Expectation confirmation theory, IS success model}
}

@misc{Stackify2017,
    title = {{What is Agile Methodology? How It Works, Best Practices, Tools}},
    year = {2017},
    author = {{Stackify}},
    url = {https://stackify.com/agile-methodology/}
}

@misc{Scrum.org2019,
    title = {{What is Scrum? A Better Way Of Building Products}},
    year = {2019},
    author = {{Scrum.org}},
    url = {https://www.scrum.org/resources/what-is-scrum}
}

@article{Bryson2004,
    title = {{What to do when Stakeholders matter}},
    year = {2004},
    journal = {Public Management Review},
    author = {Bryson, John M},
    doi = {10.1080/14719030410001675722},
    issn = {1471-9037}
}

@article{Rosenhead1996,
    title = {{What's the problem? An introduction to problem structuring methods}},
    year = {1996},
    journal = {Interfaces},
    author = {Rosenhead, Jonathan},
    isbn = {9781315189499},
    doi = {10.1287/inte.26.6.117},
    issn = {00922102}
}

@article{Taeihagh2013,
    title = {{Which policy first? A network-centric approach for the analysis and ranking of policy measures}},
    year = {2013},
    journal = {Environment and Planning B: Planning and Design},
    author = {Taeihagh, Araz and Givoni, Moshe and Ba{\~{n}}ares-Alc{\'{a}}ntara, René},
    doi = {10.1068/b38058},
    issn = {14723417},
    keywords = {Multiple-criteria decision analysis, Network analysis, Policy formulation, Transport policy, Walking and cycling}
}

@misc{WorldHealthOrganization2018,
    title = {{WHO-Noncommunicable Diseaseas (NCD) Country Profiles - Singapore}},
    year = {2018},
    author = {{World Health Organization}},
    url = {https://www.who.int/nmh/countries/sgp_en.pdf?ua=1}
}

@article{Autor2015,
    title = {{Why Are There Still So Many Jobs? The History and Future of Workplace Automation}},
    year = {2015},
    journal = {Journal of Economic Perspectives},
    author = {Autor, D.},
    number = {3},
    pages = {3--30},
    volume = {29},
    url = {http://pubs.aeaweb.org/doi/10.1257/jep.29.3.3},
    isbn = {9781589017009},
    doi = {10.1257/jep.29.3.3},
    issn = {0895-3309},
    pmid = {9212281121},
    arxivId = {00368075}
}

@article{Loukis2011,
    title = {{Why do e-government projects fail? Risk factors of large information systems projects in the Greek public sector: An international comparison}},
    year = {2011},
    journal = {International Journal of Electronic Government Research},
    author = {Loukis, Euripidis and Charalabidis, Yannis},
    doi = {10.4018/jegr.2011040104},
    issn = {15483886},
    keywords = {E-Government, Failure, Government, Information systems (IS), Information systems (IS) projects, Public administration, Risk factors}
}

@article{Anthopoulos2016,
    title = {{Why e-government projects fail? An analysis of the Healthcare.gov website}},
    year = {2016},
    journal = {Government Information Quarterly},
    author = {Anthopoulos, Leonidas and Reddick, Christopher G. and Giannakidou, Irene and Mavridis, Nikolaos},
    number = {1},
    pages = {161--173},
    volume = {33},
    publisher = {Elsevier Inc.},
    url = {http://dx.doi.org/10.1016/j.giq.2015.07.003},
    doi = {10.1016/j.giq.2015.07.003},
    issn = {0740624X},
    keywords = {E-government, Government websites, Project failures, Project management, Social network analysis, Twitter}
}

@misc{CharlieSorell2017,
    title = {{Why Local Businesses Shouldn’t Worry About Eliminating On-Street Parking}},
    year = {2017},
    author = {{Charlie Sorell}},
    url = {https://www.fastcompany.com/3067515/why-local-businesses-shouldnt-worry-about-eliminating-on-street-parking}
}

@misc{Tulloch2012,
    title = {{Why making streets risky improves road safety}},
    year = {2012},
    author = {Tulloch, James},
    url = {https://www.allianz.com/en/press/extra/knowledge/mobility/120416-why-making-streets-risky-improves-road-safety.html}
}

@misc{DerStandard2019,
    title = {{Wien bereitet Modellregion zur Gesamtschule vor}},
    year = {2019},
    author = {{Der Standard}},
    month = {1},
    url = {https://www.derstandard.at/story/2000072510503/wien-bereitet-modellregion-zur-gesamtschule-vor}
}

@article{Arp2018,
    title = {{Wo Deutsch eine Fremdsprache ist}},
    year = {2018},
    journal = {Spiegel},
    author = {Arp, Susmita and Elger, Katrin}
}

@article{Cook2014,
    title = {{Women and Top Leadership Positions: Towards an Institutional Analysis}},
    year = {2014},
    journal = {Gender, Work and Organization},
    author = {Cook, Alison and Glass, Christy},
    isbn = {09686673},
    doi = {10.1111/gwao.12018},
    issn = {09686673},
    pmid = {92673267},
    keywords = {Discrimination, Diversity, Gender, Glass cliffs, Leadership}
}

@misc{Work4Germany2019,
    title = {{Work4Germany - Main Page}},
    year = {2019},
    author = {{Work4Germany}},
    url = {https://work.4germany.org/}
}

@book{InternationalMonetaryFund2015,
    title = {{World Economic Outlook: Uneven Growth—Short- and Long-Term Factors}},
    year = {2015},
    booktitle = {World economic outlook : a survey by the staff of the International Monetary Fund},
    author = {{International Monetary Fund}},
    isbn = {9781498378000},
    doi = {10.1163/187502311797543854},
    issn = {1874-7337}
}

@article{Alvaredo2018,
    title = {{World inequality report}},
    year = {2018},
    author = {Alvaredo, Facundo and Chancel, Lucas and Piketty, Thomas and Saez, Emmanuel and Zucman, Gabriel},
    pages = {1--291},
    url = {https://wir2018.wid.world/files/download/wir2018-full-report-english.pdf},
    isbn = {0674984552}
}

@techreport{Alvaredo2018a,
    title = {{World Inequality Report}},
    year = {2018},
    author = {Alvaredo, Facundo and Chancel, Lucas and Piketty, Thomas and Saez, Emmanuel and Zucman, Gabriel},
    url = {https://wir2018.wid.world/files/download/wir2018-full-report-english.pdf},
    isbn = {0674984552}
}

@article{Clark1999,
    title = {{XML Path Language (XPath)}},
    year = {1999},
    journal = {W3C Recommendation},
    author = {Clark, James and DeRose, Steve}
}

@misc{W3schools.com2020,
    title = {{XPath Syntax}},
    year = {2020},
    author = {{w3schools.com}},
    url = {https://www.w3schools.com/xml/xpath_syntax.asp}
}

@book{Coppola2017,
    title = {{Youth and the Crisis: Unemployment, education and health in Europe}},
    year = {2017},
    author = {Coppola, Gianluigi and O'Higgins, Niall},
    publisher = {Routledge},
    url = {http://www.oapen.org/search?identifier=625898}
}

@misc{YouthMigrationService2019,
    title = {{Youth Migration Service - Localities}},
    year = {2019},
    author = {{Youth Migration Service}},
    url = {https://jmd-im-quartier.de/standorte}
}

@misc{Parker2019,
    title = {{‘We the people’: the battle to define populism}},
    year = {2019},
    booktitle = {The Guardian},
    author = {Parker, Peter C.},
    month = {1},
    url = {https://www.theguardian.com/news/2019/jan/10/we-the-people-the-battle-to-define-populism}
}

@article{AnnLCoker2017,
    title = {{乳鼠心肌提取 HHS Public Access}},
    year = {2017},
    journal = {Physiology {\&} behavior},
    author = {{Ann L Coker}},
    number = {5},
    pages = {139--148},
    volume = {176},
    isbn = {0000000000},
    doi = {10.1016/j.physbeh.2017.03.040},
    keywords = {criteria pollutants, ozone, particulate matter}
}

@article{Makkonen2013BenchmarkingCounts,
    title = {{Benchmarking regional innovative performance: Composite measures and direct innovation counts}},
    year = {2013},
    journal = {Scientometrics},
    author = {Makkonen, Teemu and van der Have, Robert P.},
    doi = {10.1007/s11192-012-0753-2},
    issn = {01389130},
    keywords = {Composite indicators, Innovation, Patents, R{\&}D, Regional innovative performance}
}

@misc{Brynjolfsson2017.pdf,
    title = {{Brynjolfsson2017.pdf}}
}

@misc{Corak2013.pdf,
    title = {{Corak2013.pdf}}
}

@article{Mclane2018CultivatingOrganizations,
    title = {{Cultivating Agile Organizational Culture : Addressing Resistance to Change in Bureaucratic Government Organizations}},
    year = {2018},
    author = {Mclane, Michael P}
}

@book{NationalAssociationofCityTransportationOfficials2016GlobalGuide,
    title = {{Global Street Design Guide}},
    year = {2016},
    booktitle = {New Forests},
    author = {{National Association of City Transportation Officials}},
    isbn = {1895535336}
}

@incollection{Hughes2013IterativeNutshell,
    title = {{Iterative Development in a Nutshell}},
    year = {2013},
    booktitle = {Agile Data Warehousing Project Management},
    author = {Hughes, Ralph},
    doi = {10.1016/b978-0-12-396463-2.00002-8}
}

@article{RS,
    title = {{r i n g i n g d e a s a n d i s c o u r s e a c k i n t o t h e x p l a n a t i o n o f h a n g e i n a r i e t i e s o f a p i t a l i s m a n d We l f a r e t a t e s}}
}

@article{Wren2013TheTransition,
    title = {{The political economy of the service transition}},
    year = {2013},
    journal = {Renewal - A Journal of Social Democracy},
    author = {Wren, Anne},
    isbn = {0199657297},
    doi = {10.1093/acprof},
    issn = {1537-5927},
    keywords = {Renewal, journal, progressive, social democracy}
}